LEADER 00458nam a22001577u 4500
001 000000002-7
005 20150115113046.0
008 821202|1937    |||||||  |||| |0||||eng|d
035 0 $aocm83544809
245 00$aGarden exhibition /$cSan Francisco Museum of Art.
260 0 $aSan Francisco :$bThe Museum,$c[1937]
300   $a1 folded sheet (4p.) ;$c14 cm.
650  0$aHorticultural exhibitions.
710 2 $aSan Francisco Museum of Art.
988   $a20020608
906   $0MH

