LEADER 00660nam a22001817u 4500
001 000000003-5
005 20020606090541.3
008 821202|1948    |||||||  |||| |0||||eng|d
035 0 $aocm29254328
245 04$aThe first fifty years of the Massachusetts Forest and Park Association (Massachusetts Forestry Association) 1898-1932; 1898-1948 /$cprepared by W.H. Clark.
260 0 $aBoston :$bMass. Forest and Park Assoc.,$c1948.
300   $a31 p. :$bports. ;$c24 cm.
650  0$aForests and forestry$zMassachusetts.
650  0$aParks$zMassachusetts.
700 1 $aClark, W. H.
710 2 $aMassachusetts Forest and Park Association.
988   $a20020608
906   $0MH

