LEADER 00515nam a22001697u 4500
001 000000004-3
005 20020606090541.3
008 821202|1974    |||||||  |||| |0||||eng|d
035 0 $aocm80169682
110 2 $aAmerican Institute of Landscape Architects.
245 10$aAILA.
246 3 $aA.I.L.A.
260 0 $aPhoenix, Ariz. :$bAmerican Institute of Landscape Architects,$c[1974?]
300   $a1 p. ;$c36 x 22 cm. folded to 9 x 22 cm.
610 20$aAmerican Institute of Landscape Architects.
988   $a20020608
906   $0MH

