LEADER 00677nam a22001817u 4500
001 000000005-1
005 20020606090541.3
008 821202|1936    |||||||  |||| |0||||eng|d
035 0 $aocm78506703
110 2 $aAmerican Society of Landscape Architects.$bMeeting.$n(37th :$d1936 :$cWashington, D.C.)
245 10$aThirty-seventh annual meeting.
246 3 $a37th annual meeting.
260 0 $aBoston, Mass. :$bAmerican Society of Landscape Architects,$c1936.
300   $a1 folded sheet (4 p.) ;$c23 cm.
500   $aMeeting held at Mayflower Hotel, Washington, D.C., January 20, 21, and 22, 1936.
610 20$aAmerican Society of Landscape Architects.
988   $a20020608
906   $0MH

