LEADER 00424nam a22001697u 4500
001 000000006-X
005 20140117120118.0
008 821202s1929    mau           000|0 eng d
035 0 $aocm79229717
245 00$aGarden calendar.
260 0 $a[Milton, Mass.?] :$bMilton Garden Club,$c1929.
300   $a[51] p. ;$c24 cm.
650  0$aGardening.
710 2 $aMilton Garden Club.
899   $a415_560153
988   $a20020608
906   $0MH

