LEADER 00507nam a22001577u 4500
001 000000007-8
005 20150114172414.0
008 821202|1946    |||||||  |||| |0||||eng|d
035 0 $aocn424526137
035 0 $aocm82438608
245 00$aNational roster of scientific and specialized personnel.
260 0 $a[Washington, D.C.] :$bUnited States Employment Service, Department of Labor,$c1946.
300   $a[5] p. :$bchiefly tables ;$c27 cm.
710 2 $aUnited States Employment Service.
988   $a20020608
906   $0MH

