LEADER 00508nam a22001577u 4500
001 000000008-6
005 20111013144325.0
008 821202q19301939|||||||  |||| |0||||eng|d
035 0 $aocn424526137
110 2 $aNational Parks Association (U.S.)
245 10$aYou are invited to join the National Parks Association.
260 0 $aWashington, D.C. :$bNational Parks Association,$c[193-?]
300   $a1 p. ;$c46 x 23 cm. folded to 16 x 23 cm.
610 20$aNational Parks Association (U.S.)
988   $a20020608
906   $0MH

