LEADER 01280aam a2200337 a 4500
001 000000009-4
005 20110531152913.0
008 030729s2003    gw       b    110 0 ger c
010   $a  2003476821
020   $a3823357611 (alk. paper)
020   $a9783823357612 (alk. paper)
035 0 $aocm52188610
040   $aDLC$cDLC$dOHX$dCLU
050 00$aP120.L34$bS68 2003
072  7$aP$2lcco
082 00$a401.9$222
245 00$aSprachidentität--Identität durch Sprache /$cNina Janich, Christiane Thim-Mabrey (Hrsg.).
260   $aTübingen :$bG. Narr,$cc2003.
300   $aviii, 213 p. ;$c21 cm.
440  0$aTübinger Beiträge zur Linguistik,$x0564-7959 ;$v465
500   $aRev. papers and summaries of discussions of an international symposium held Apr. 19-20, 2002, at the Universität Regensburg, on the occasion of the 60th birthday of Albrecht Greule; with an additional paper by Albrecht Greule.
504   $aIncludes bibliographical references.
650  0$aLanguage awareness$vCongresses.
650  0$aIdentity (Psychology)$vCongresses.
650  0$aMultilingualism$vCongresses.
700 1 $aJanich, Nina,$d1968-
700 1 $aThim-Mabrey, Christiane,$d1954-
700 1 $aGreule, Albrecht.
988   $a20020608
049   $aHLSS
906   $0DLC

