LEADER 01165nam a22003014a 4500
001 000000011-6
005 20090512094114.0
008 080818s2009    nyua          000 0aeng  
010   $a  2008036671
020   $a9780465013593 (alk. paper)
020   $a0465013597 (alk. paper)
035 0 $aocn244177315
040   $aDLC$cDLC$dYDX$dYDXCP$dIK2$dBNY$dCDX$dBWX$dJED
043   $an-us---
050 00$aPS3563.A7223$bZ46 2009
082 00$a813/.54$222
100 1 $aMarshall, Paule,$d1929-
245 10$aTriangular road :$ba memoir /$cPaule Marshall.
260   $aNew York :$bBasicCivitas Books,$cc2009.
300   $avii, 165 p. :$bill. ;$c22 cm.
505 0 $aHomage to Mr. Hughes -- I'v known rivers: The James River -- I've known seas: The Caribbean Sea -- Barbados, part I -- Barbados, part II -- Grenada, 1962 -- I've known oceans: The Atlantic.
600 10$aMarshall, Paule,$d1929-
600 10$aHughes, Langston,$d1902-1967.
650  0$aAfrican American authors$vBiography.
650  0$aWomen and literature$zUnited States$xHistory$y20th century.
650  0$aAfrican Americans$xIntellectual life$y20th century.
988   $a20020608
906   $0DLC

