LEADER 00908nam a22002297u 4500
001 000000012-4
005 20040105142802.0
008 821202|1962    |||||||  |||| |0||||eng|d
035 0 $aocm01343719
050  4$aQH76$b.S56 1962
100 1 $aShomon, Joseph James,$d1914-
245 12$aA nature center for your community /$cby Joseph J. Shomon.
260 0 $aNew York, N.Y. :$bNature Centers Division, National Audubon Society,$c[c1962]
300   $a40 p. :$bill. ;$c28 cm.
440  0$aInformation-education bulletin ;$vno. 1
650  0$aNature centers.
650  0$aNatural resources$xStudy and teaching.
650  0$aParks.
710 2 $aNational Audubon Society.$bNature Centers Division.
776 08$iOnline version:$aShomon, Joseph James, 1914-2003.$tNature center for your community.$dN.Y., Nature Centers Division, National Audubon Society, ©1962$w(OCoLC)768249249
988   $a20020608
906   $0MH

