LEADER 00597nam a22001817u 4500
001 000000013-2
005 20020606090541.3
008 821202|1963    |||||||  |||| |0||||eng|d
035 0 $aocm79281596
100 1 $aAshbaugh, Byron L.
245 10$aPlanning a nature career /$cby Byron L. Ashbaugh.
260 0 $aNew York, N.Y. :$bNature Centers Division, National Audubon Society,$cc1963.
300   $a88 p. :$bill., plans ;$c28 cm.
440  0$aInformation-education bulletin ;$v2
650  0$aNature centers.
710 2 $aNational Audubon Society.$bNature Centers Division.
988   $a20020608
906   $0MH

