LEADER 00466nam a22001697u 4500
001 000000014-0
005 20020606090541.3
008 821202|1948    |||||||  |||| |0||||eng|d
035 0 $aocm82105052
245 00$aLord & Burnham greenhouses.
246 3 $aLord and Burnham greenhouses.
260 0 $aIrvington, N.Y. :$bBurnham Corporation,$c1948.
300   $a64 p. :$bill. ;$c28 cm.
650  0$aGreenhouses.
710 2 $aLord & Burnham Company.
988   $a20020608
906   $0MH

