LEADER 00781nam a22002057u 4500
001 000000015-9
005 20020606090541.3
008 821202|1919    |||||||  |||| |0||||eng|d
035 0 $aocm84413074
111 2 $aNew England Forestry Congress$d(1919 :$cBoston, Mass.)
245 10$aProgram.
260 0 $aBoston, Mass :$bMassachusetts Forestry Association,$c1919.
300   $a1 folded sheet (4p.) ;$c23 cm.
500   $aUnder the auspices of The Boston Chamber of Commerce and the Massachusetts Forestry Association.
500   $aCongress met at Copley-Plaza, Boston, Mass., February 24 and 25, 1919.
650  0$aForests and forestry$zNew England$xCongresses.
710 2 $aBoston Chamber of Commerce.
710 2 $aMassachusetts Forestry Association.
988   $a20020608
906   $0MH

