LEADER 00633nam a22001817u 4500
001 000000016-7
005 20020606090541.3
008 821202|1901    |||||||  |||| |0||||eng|d
035 0 $aocm80040778
110 2 $aMassachusetts Horticultural Society.
245 10$aReport of the committee on constitution and by-laws.
260 0 $a[Boston, Mass.] :$bThe Society,$c[1901?]
300   $a11 p. ;$c23 cm.
500   $aA committee of the Massachusetts Horticultural Society?
610 20$aMassachusetts Horticultural Society.
710 2 $aMassachusetts Horticultural Society.$bCommittee on Constitution and By-laws.
988   $a20020608
906   $0MH

