LEADER 00503nam a22001697u 4500
001 000000017-5
005 20090413155511.0
008 821202m19201929|||||||  |||| |0||||eng|d
035 0 $aocn424526138
110 2 $aSociety of Little Gardens.
245 04$aThe Society of Little Gardens.
260 0 $aPhiladelphia, Pa. :$bSociety of Little Gardens,$c[192-?]
300   $a[8] p. ;$c22 cm.
500   $aIncludes leaflets 8 and 10, and: Bulletin.
610 20$aSociety of Little Gardens.
988   $a20020608
906   $0MH

