LEADER 00582nam a22001697u 4500
001 000000018-3
005 20020606090541.3
008 821202|1928    |||||||  |||| |0||||eng|d
035 0 $aocm80076090
110 2 $aWoman's National Farm and Garden Association.
245 04$aThe Woman's National Farm and Garden Association, Incorporated.
260 0 $aPhiladelphia, Pa. :$bThe Association,$c1928.
300   $a8 p. ;$c23 cm.
500   $aIncludes copy of by-laws and a report of an annual meeting, 1928.
610 20$aWoman's National Farm and Garden Association.
988   $a20020608
906   $0MH

