LEADER 00529nam a22001577u 4500
001 000000019-1
005 20090413095722.0
008 821202m19201929|||||||  |||| |0||||eng|d
035 0 $aocn424526139
110 2 $aSociety for the Preservation of Native New England Plants.
245 00$aSociety for the Preservation of Native New England Plants :$b[brochure]
260 0 $aBoston, Mass. :$bThe Society,$c[192-?]
300   $a1 p. :$c23 cm.
610 20$aSociety for the Preservation of Native New England Plants.
988   $a20020608
906   $0MH

