LEADER 00555nam a22001577u 4500
001 000000020-5
005 20090413095746.0
008 821202m19501959|||||||  |||| |0||||eng|d
035 0 $aocn424526140
110 2 $aAmerican Horticultural Council.
245 14$aThe American Horticultural Council :$bwhat it is, how it works, what it does, why you should be a member.
260 0 $aJamaica Plain :$bAmerican Horticultural Council,$c[195-?]
300   $a1 p. ;$c39 x 23 cm. folded to 10 x 23 cm.
610 20$aAmerican Horticultural Council.
988   $a20020608
906   $0MH

