LEADER 00655nam a22001577u 4500
001 000000021-3
005 20090413100456.0
008 821202m19501959|||||||  |||| |0||||eng|d
035 0 $aocn424526141
110 2 $aAmerican Shore and Beach Preservation Association.
245 14$aThe American Shore and Beach Preservation Association :$ban international organization dedicated to the preservation and development of shores and beaches...
260 0 $a[Newark, N.J.?] :$bAmerican Shore and Beach Preservation Association,$c[195-?]
300   $a1 folded sheet (4p.) ;$c28 cm.
610 20$aAmerican Shore and Beach Preservation Association.
988   $a20020608
906   $0MH

