LEADER 00687nam a22002057u 4500
001 000000022-1
005 20020606090541.3
008 821202|1926    |||||||  |||| |0||||eng|d
035 0 $aocm50726568
043   $an-us---
050  4$aSB469$b.A623 1926
110 2 $aAmerican Society of Landscape Architects.
245 10$aPolicies, with commentaries.
260 0 $a[S.l.] :$bAmerican Society of Landscape Architects,$c[1926]
300   $a8 p. ;$c23 cm.
500   $aIncluded with this piece are policies and commentaries from 1940, 1966, 1967, and 1968.
610 20$aAmerican Society of Landscape Architects.
650  0$aLandscape architects$zUnited States.
988   $a20020608
906   $0MH

