LEADER 00621nam a22001697u 4500
001 000000023-X
005 20020606090541.3
008 821202|1924    |||||||  |||| |0||||eng|d
035 0 $aocm79338721
110 2 $aAmerican Society of Landscape Architects.$bMississippi Valley Chapter.
245 10$aReport of the Des Moines-Ames meeting.
260 0 $a[Des Moines, Iowa?] :$bAmerican Society of Landscape Architects,$c1924.
300   $a15 [i.e. 18] p. ;$c29 cm.
500   $aMeeting held on February 22 and 23, 1924.
610 20$aAmerican Society of Landscape Architects.$bMississippi Valley Chapter.
988   $a20020608
906   $0MH

