LEADER 00615nam a22001697u 4500
001 000000024-8
005 20020606090541.3
008 821202|1926    |||||||  |||| |0||||eng|d
035 0 $aocm81856714
110 2 $aAmerican Society of Landscape Architects.$bMississippi Valley Chapter.
245 10$aAnnual meeting.
260 0 $a[Chicago, Ill.] :$bAmerican Society of Landscape Architects,$c1926.
300   $a[7] p. ;$c29 cm.
500   $aMeeting held at the Hotel Sherman, Chicago, Illinois, January 22, 1926.
610 20$aAmerican Society of Landscape Architects.$bMississippi Valley Chapter.
988   $a20020608
906   $0MH

