LEADER 00516nam a22001697u 4500
001 000000025-6
005 20020606090541.3
008 821202|1974    |||||||  |||| |0||||eng|d
035 0 $aocm80274336
110 2 $aAmerican Society of Landscape Architects.
245 10$aEffective use of ASLA policies.
260 0 $aMcLean, Virginia :$bAmerican Society of Landscape Architects,$c[1974?]
300   $a8 p. ;$c28 cm.
500   $aLacking p. 1.
610 20$aAmerican Society of Landscape Architects.
988   $a20020608
906   $0MH

