LEADER 00612nam a22001697u 4500
001 000000026-4
005 20020606090541.3
008 821202|1965    |||||||  |||| |0||||eng|d
035 0 $aocm81795109
110 2 $aAmerican Society of Landscape Architects.$bMeeting$n(65th :$d1965 :$cHartford, Conn.)
245 10$aSpace for survival.
260 0 $aWashington, D.C. :$bAmerican Society of Landscape Architects,$c1965.
300   $a12 p. :$bill. ;$c23 cm.
500   $aMeeting held at the Statler Hilton, Hartford, Conn., June 27-30, 1965.
610 10$aAmerican Society of Landscape Architects.
988   $a20020608
906   $0MH

