LEADER 01075nam a2200349 a 4500
001 000000027-2
005 20120703164400.0
008 091210s2008    gw a     b    000 0 ger d
020   $a9783881043816
020   $a3881043810
035 0 $aocm78949923
035 0 $aocn244014660
035 2 $aocn476839693
040   $aGWDNB$erakwb$bger$cUCDLL$dGBVCP$dUCDLL$dMH-L
050  4$aKK1203$b.V37 2008
090   $aHV713$b.V37 2008
245 00$aVater um jeden Preis? :$bzur Kritik am Sorge- und Umgangsrecht /$cAnita Heiliger und Eva-K. Hack (Hg.)
250   $a1. Aufl.
260   $aMünchen :$bFrauenoffensive,$c2008.
300   $a407 p. :$bill. ;$c22 cm.
504   $aIncludes bibliographical references.
530   $aAlso available online.
650  0$aChild welfare.
650  0$aChild welfare$zGermany.
650  0$aCustody of children$zGermany.
650  0$aVisitation rights (Domestic relations)$zGermany.
700 1 $aHeiliger, Anita.
700 1 $aHack, Eva-K.
700 1 $aBruch, Carol S.
988   $a20020608
049   $aUDCA
906   $0OCLC

