LEADER 00521nam a22001577u 4500
001 000000028-0
005 20100927083751.0
008 821202|1974    |||||||  |||| |0||||eng|d
035 0 $aocm78102578
110 2 $aAmerican Society of Landscape Architects Foundation.
245 10$aInvestment opportunities for creative giving to the ASLAF.
260 0 $aWashington, D.C. :$bASLA Foundation,$c[1974?]
300   $a[18] p. :$bill. ;$c28 cm.
610 20$aAmerican Society of Landscape Architects Foundation.
988   $a20020608
906   $0MH

