LEADER 00521nam a22001577u 4500
001 000000029-9
005 20020606090541.3
008 830127|1969    |||||||  |||| |0||||eng|d
035 0 $aocn188262542
245 00$aManagement study for the American Society of Landscape Architects /$cby Executive Consultants, Inc.
260  0$aWashington, D.C. :$bThe Society,$cc1969.
300   $ai, 25 p. :$bcharts ;$c28 cm.
610 20$aAmerican Society of Landscape Architects.
710 2 $aExecutives Consultants.
988   $a20020608
906   $0MH

