LEADER 00649nam a2200217K  4500
001 000000030-2
005 20020606090541.3
008 930922s1952    mau           000 0 eng d
035 0 $aocm77872245
040   $aFLL$cFLL
110 2 $aSociety of Architectural Historians.
245 15$a[The Society of Architectural Historians.]
260   $a[Boston,$bThe Society]?$c[1952?]
300   $a[3] p.
610 20$aSociety of Architectural Historians.
690  9$aArchitecture$xHistory.$5des
690  9$aArchitecture$xSoc.$5des
690  9$aLandscape architecture$xHistory.$5des
690  9$aCity planning$xHistory.$5des
988   $a20020608
906   $0MH

