LEADER 00533nam a2200181Ma 4500
001 000000031-0
005 20020606090541.3
008 911119s1970    onc           000 0 eng d
035 0 $aocm26431005
040   $aCUY$cCUY$dFLL
050  4$aSB470.55.C2$bB55 1970
100 1 $aBlue, Frances.
245 10$aHistory of the Canadian Society of Landscape Architects.
260   $a[Aurora, Ontario, Canada? :$bThe Society,$c1970?]
300   $a1 v. (unpaged)
610 20$aCanadian Society of Landscape Architects.
988   $a20020608
906   $0OCLC

