LEADER 00533nam a22001697u 4500
001 000000032-9
005 20090413095929.0
008 821202q19uu19uu|||||||  |||| |0||||eng|d
035 0 $aocn424526142
110 2 $aLondon Gardens Guild.
245 10$aTo all who love gardens.
260 0 $aLondon, Eng. :$bLondon Gardens Guild,$c[19--?]
300   $a1 folded sheet (4 p.) ;$c18 cm.
500   $aPublicity brochure which includes application for subscription and membership form.
610 20$aLondon Gardens Guild.
988   $a20020608
906   $0MH

