LEADER 00541nam a22001577u 4500
001 000000033-7
005 20020606090541.3
008 821202|1949    |||||||  |||| |0||||eng|d
035 0 $aocm81856719
110 2 $aInstitute of Landscape Architects (Great Britain).
245 10$aExaminations (intermediate and final) for the associateship of the Institute of Landscape Architects.
260 0 $aLondon, Eng. :$bThe Institute,$c1949.
300   $a15 p. ;$c19 cm.
610 20$aInstitute of Landscape Architects (Great Britain)
988   $a20020608
906   $0MH

