LEADER 00464nam a22001577u 4500
001 000000034-5
005 20020606090541.3
008 821202|1912    |||||||  |||| |0||||ger|d
035 0 $aocm78542173
110 2 $aDeutsche Gesellschaft für Gartenkunst.
245 10$aJahresbericht.
260 0 $aCologne, Ger. :$bDeutsche Gesellschaft für Gartenkunst. E.V.,$c1912.
300   $a4 p. ;$c29 cm.
610 20$aDeutsche Gesellschaft für Gartenkunst.
988   $a20020608
906   $0MH

