LEADER 00496nam a22001577u 4500
001 000000035-3
005 20020606090541.3
008 821202|1910    |||||||  |||| |0||||ger|d
035 0 $aocn188262580
110 2 $aDeutsche Gesellschaft für Gartenkunst.
245 10$aMitglieder Verzeichnis der Deutschen Gesellschaft für Gartenkunst.
260 0 $a[Frankfurt, Ger.?] :$bDas Gesellschaft,$c1910.
300   $a64 p. ;$c24 cm.
610 20$aDeutsche Gesellschaft für Gartenkunst.
988   $a20020608
906   $0MH

