LEADER 00529naa a2200181K  4500
001 000000036-1
005 20020606090541.3
008 930510s1938    xxu           000 0 ger d
035 0 $aocm79095427
040   $aFLL$cFLL
110 2 $aDeutsche Gesellschaft für Gartenkunst.
245 10$aMitglieder Verzeichnis.
500   $aSupplement.
610 20$aDeutsche Gesellschaft für Gartenkunst.
690  9$aLandscape architecture$xSocieties.$5des
773 0 $aGartenkunst, Nov. 1938; vol 51, no. 11, p. 6-7.
988   $a20020608
906   $0MH

