LEADER 00513nam a22001577u 4500
001 000000037-X
005 20020606090541.3
008 821202|1925    |||||||  |||| |0||||ger|d
035 0 $aocn188262596
110 2 $aÖsterreichische Gartenbau-Gesellschaft.
245 10$aTätigkeitsbericht der Österreichischen Gartenbau-Gesellschaft in Wien für das Jahr 1924.
260 0 $aWien, Ger. :$bDas Gesellschaft,$c1925.
300   $a34 p. ;$c21cm.
610 20$aÖsterreichische Gartenbau-Gesellschaft.
988   $a20020608
906   $0MH

