LEADER 00506nam a22001577u 4500
001 000000038-8
005 20020606090541.3
008 821202|1911    |||||||  |||| |0||||ger|d
035 0 $aocm83218658
110 2 $aDeutsche Gesellschaft für Gartenkunst.
245 10$aBericht über die Verhandlungen der Deutschen Gesellschaft für Gartenkunst...
260 0 $a[Frankfurt, Ger.?] :$bDas Gesellschaft,$c1911.
300   $a18 p. ;$c30 cm.
610 20$aDeutsche Gesellschaft für Gartenkunst.
988   $a20020608
906   $0MH

