LEADER 00689nam a22001937u 4500
001 000000039-6
005 20020606090541.3
008 821202|1926    |||||||  |||| |0||||eng|d
035 0 $aocm77696295
110 2 $aIowa Conservation Association.
245 10$aTwenty-fifth anniversary meeting /$cIowa Conservation Association in cooperation with third annual Conservation School.
260 0 $a[Ames?] Iowa :$bThe Association,$c1926.
300   $a[6] p. ;$c21 cm.
500   $aMeeting held at Iowa State College, Ames, Iowa, April 15, 16, and 17, 1926.
610 20$aIowa Conservation Association.
610 20$aConservation School.
710 2 $aConservation School.
988   $a20020608
906   $0MH

