LEADER 00577nam a22001577u 4500
001 000000040-X
005 20020606090541.3
008 821202|1905    |||||||  |||| |0||||eng|d
035 0 $aocm81561768
110 2 $aAmerican Society of Landscape Architects.
245 10$aPreliminary announcements for the July meeting of the American Society of Landscape Architects to be held in Boston, Mass., July 7th, 8th, and 9th, 1905.
260 0 $a[Boston, Mass.?] :$bThe Society,$c1905.
300   $a8 p. ;$c23 cm.
610 20$aAmerican Society of Landscape Architects.
988   $a20020608
906   $0MH

