LEADER 00657nam a22001697u 4500
001 000000041-8
005 20020606090541.3
008 821202|1961    |||||||  |||| |0||||eng|d
035 0 $aocm78068983
110 2 $aAmerican Society of Landscape Architects.$bMeeting$n(62nd :$d1961 :$cBoulder, Colo.)
245 14$aThe great American frontier :$b62nd annual meeting /$cAmerican Society of Landscape Architects.
260 0 $a[Washington, D.C.] :$bThe Society,$c1961.
300   $a48 p. :$bmaps ;$c23 cm.
500   $aMeeting held at Harvest House, Boulder, Colorado, July 10-12, 1961.
610 20$aAmerican Society of Landscape Architects.
988   $a20020608
906   $0MH

