LEADER 00750nam a22001817u 4500
001 000000042-6
005 20110222105920.0
008 821202|1956    |||||||  |||| |0||||eng|d
035 0 $aocm80946191
110 2 $aInternational Federation of Landscape Architects.$bCongress$d(1956 :$cZurich, Switzerland)
245 10$aIFLA :$bI.F.L.A. Congress Zurich 1956/$carranged by the Swiss Federation of Landscape Architects B.S.G.
260 0 $a[Zurich, Switzerland?] :$bThe Federation,$c1956.
300   $a1 p. ;$c31 x 21 cm folded to 11 x 21 cm.
500   $aText in English, French and German.
500   $aPiece includes application to Congress and Swiss Air brochure.
610 20$aInternational Federation of Landscape Architects.
988   $a20020608
906   $0MH

