LEADER 00849nam a22001817u 4500
001 000000043-4
005 20120403154140.0
008 821202|1951    |||||||  |||| |0||||eng|d
035 0 $aocm78542176
111 2 $aConference for Landscape Architects and Landscape Contractors$d(1951 :$cUniversity of Georgia, Athens)
245 10$aConference for landscape architects and landscape contractors /$csponsored by the Landscape Architecture Division of the College of Agriculture, University of Georgia.
260 0 $aAthens, Georgia :$bThe University,$c1951.
300   $a1 folded sheet (3 p.) ;$c23 cm.
611 20$aConference for Landscape Architects and Landscape Contractors$d(1951 :$cUniversity of Georgia, Athens)
650  0$aLandscape architecture$xCongresses.
710 2 $aUniversity of Georgia.$bCollege of Architecture.
988   $a20020608
906   $0MH

