LEADER 00773nam a22001817u 4500
001 000000044-2
005 20020606090541.3
008 821202|1957    |||||||  |||| |0||||eng|d
035 0 $aocm80582467
110 2 $aInstitute of Landscape Architects (Great Britain).$bAnnual Conference$d(1957 :$cNewcastle-Upon-Tyne, Northumberland)
245 10$aConference on the landscape of industry /$cInstitute of Landscape Architects.
260 0 $aLondon, Eng. :$bThe Institute,$c1957.
300   $a[4] p. ;$c34 cm.
500   $aConference held at King's College, University of Durham, Newcastle-Upon-Tyne(Northumberland) on September 6th, 7th and 8th, 1957.
500   $aIncludes enrollment form.
610 20$aInstitute of Landscape Architects (Great Britain).
988   $a20020608
906   $0MH

