LEADER 00790nam a22001937u 4500
001 000000045-0
005 20051108180527.0
008 821202|1925    |||||||  |||| |0||||eng|d
035 0 $aocn786290618
035 0 $aocm83992583
100 1 $aLay, Charles Downing,$d1877-1956.
245 10$aExhibition of plans and photographs of work in landscape architecture /$cCharles Downing Lay.
260 0 $a[Washington, D.C.? :$bAmerican Society of Landscape Architects?],$c1925.
300   $a5 p. ;$c16 cm.
500   $aExhition shown at C.W. Kraushaar Art Galleries, 680 Fifth Avenue, New York City, March 16th-28th, 1925.
500   $aExhibited also at Robinson Hall, School of Architecture, Harvard University, Oct. 1925.
650  0$aLandscape architecture$xExhibitions.
988   $a20020608
906   $0MH

