LEADER 00683nam a22001697u 4500
001 000000046-9
005 20020606090541.3
008 821202|1948    |||||||  |||| |0||||eng|d
035 0 $aocm81313046
245 04$aThe Landscape of work and leisure :$ban international exhibition of the work of landscape architects /$carranged by the Institute of Landscape Architects.
260 0 $a[London, Eng.] :$bThe Institute,$c1948.
300   $a28 p. ;$c23 cm.
500   $aExhibition held at County Hall, Westminister Bridge, London, August 10th-21st, 1948.
650  0$aLandscape architecture$xExhibitions.
710 2 $aInstitute of Landscape Architects (Great Britain)
988   $a20020608
906   $0MH

