LEADER 00675nam a22001817u 4500
001 000000047-7
005 20020606090541.3
008 821202|1957    |||||||  |||| |0||||eng|d
035 0 $aocm81700192
110 2 $aInternational Federation of Landscape Architects.$bTouring Expo.
245 10$aIFLA touring expo :$bcatalogue = L'exposition ambulante de l'IFLA /$cInternational Federation of Landscape Architects.
250   $a2nd. ed.
260 0 $a[Stockholm, Sweden?] :$bThe Federation,$cc1957.
300   $a15 p. ;$c21 cm.
610 20$aInternational Federation of Landscape Architects.$bTouring Expo.
650  0$aLandscape architecture$xExhibitions.
988   $a20020608
906   $0MH

