LEADER 00598nam a22001697u 4500
001 000000048-5
005 20020606090541.3
008 821202|1920    |||||||  |||| |0||||eng|d
035 0 $aocm78897995
110 2 $aMemorial Crafts Institute.$bAnnual Exhibition$d(1920 :$cNew York, N.Y.)
245 10$aIndex of exhibits /$cMemorial Crafts Institute.
260 0 $a[New York, N.Y.?] :$bThe Institute,$c1920.
300   $a10 p. ;$c24 cm.
500   $aExhibition held at Pennsylvania Hotel, New York City, March 18 to April 13 inclusive, 1920.
610 20$aMemorial Crafts Institute.
988   $a20020608
906   $0MH

