LEADER 00777nam a22002057u 4500
001 000000049-3
005 20020606090541.3
008 821202|1920    |||||||  |||| |0||||eng|d
035 0 $aocm79650611
245 00$aCatalog of exhibits :$bjoint exhibition /$cBoston Society of Architects, Boston Architectural Club, Boston Society of Landscape Architects.
260 0 $a[Boston, Mass.] :$bThe Society,$c1920.
300   $a[7] p. ;$c23 cm.
500   $aExhibition held at Rogers Building, M.I.T., March 28 to April 10, 1920.
650  0$aArchitecture$xExhibitions.
650  0$aLandscape architecture$xExhibitions.
710 2 $aBoston Society of Architects.
710 2 $aBoston Architectural Club.
710 2 $aBoston Society of Landscape Architects.
988   $a20020608
906   $0MH

