LEADER 00747nam a22002057u 4500
001 000000050-7
005 20020606090541.3
008 821202|1927    |||||||  |||| |0||||eng|d
035 0 $aocm77943821
110 2 $aArchitectural League of New York.$bAnnual Exhibition$n(42nd :$d1927 :$cNew York, N.Y.)
245 10$aIndex of exhibits /$cArchitectural League of New York.
260 0 $a[New York, N.Y.] :$bThe League,$c1927.
300   $a30 p. ;$c23 cm.
500   $aExhibition held at 215 West Fifty-seventh Street, N.Y., February 21 to March 5, 1927.
610 20$aArchitectural League of New York.
650  0$aArchitecture$xExhibitions.
650  0$aLandscape architecture$xExhibitions.
650  0$aArt$xExhibitions.
988   $a20020608
906   $0MH

