LEADER 00784nam a22002057u 4500
001 000000051-5
005 20020606090541.3
008 821202|1929    |||||||  |||| |0||||eng|d
035 0 $aocm78834954
110 2 $aArchitectural League of New York.$bAnnual Exhibition$n(44th :$d1929 :$cNew York, N.Y.)
245 10$aCircular of information :$bfourty-fourth annual exhibition /$cArchitectural League of New York.
260 0 $a[New York, N.Y.] :$bThe League,$c1929.
300   $a[6] p. ;$c27 cm.
500   $aExhibition held at Grand Central Palace, New York, N.Y., April 15 to 27th, 1929.
610 20$aArchitectural League of New York.
650  0$aArchitecture$xExhibitions.
650  0$aLandscape architecture$xExhibitions.
650  0$aArt$xExhibitions.
988   $a20020608
906   $0MH

