LEADER 01002nam a22002177u 4500
001 000000052-3
005 20081024153022.0
008 821202|1916    |||||||  |||| |0||||eng|d
035 0 $aocm84571174
245 04$aThe Boston Society of Architects, the Boston Architectural Club, the Boston Society of Landscape Architects and the Arts and Crafts Society invite you to...private view of the joint exhibition of architecture, landscape architecture and the allied arts.
260 0 $a[Boston?], Mass. :$bThe Society of Architects,$c[1916?]
300   $a1 p. ;$c22 cm.
500   $aExhibition held at Rogers Building, 491 Boylston Street, Boston, Mass., November 4, until November 18, 1916.
650  0$aArchitecture$xExhibitions.
650  0$aLandscape architecture$xExhibitions.
710 2 $aBoston Society of Architects.
710 2 $aBoston Architectural Club.
710 2 $aBoston Society of Landscape Architects.
710 2 $aSociety of Arts and Crafts (Boston, Mass.)
988   $a20020608
906   $0MH

