LEADER 00578nam a22001697u 4500
001 000000053-1
005 20020606090541.3
008 821202|1929    |||||||  |||| |0||||eng|d
035 0 $aocm80245485
110 2 $aMassachusetts Horticultural Society.
245 10$aCentennial exhibition of the Massachusetts Horticultural Society.
260 0 $aBoston, Mass. :$bThe Society,$c1929.
300   $a3 p. ;$c17 cm.
500   $aExhibition held in Mechanics Building, Boston, Mass., March 19-23, 1929.
650  0$aHorticultural exhibitions$zMassachusetts$zBoston.
988   $a20020608
906   $0MH

