LEADER 00725nam a22001817u 4500
001 000000054-X
005 20130213154700.0
008 821202|1931    |||||||  |||| |0||||eng|d
035 0 $aocm83412415
110 2 $aAmerican Peony Society.$bAnnual Exhibition$n(28th :$d1931 :$cFort Wayne, Ind.)
245 10$aTwenty-eighth annual exhibition of the American Peony Society :$bschedule of prizes /$cunder the auspices of the Chamber of Commerce of Fort Wayne.
260 0 $aFort Wayne, Ind. :$bThe Society,$c1931.
300   $a[9] p. ;$c23 cm.
500   $aExhibition held in the Armory, Fort Wayne, Indiana on the tentative date June 12, 13, 1931.
610 20$aAmerican Peony Society.
650  0$aPeonies.
988   $a20020608
906   $0MH

