LEADER 00882nam a22001937u 4500
001 000000055-8
005 20020606090541.3
008 821202|1937    |||||||  |||| |0||||eng|d
035 0 $aocm81881869
245 00$aSan Francisco Museum of Art announces an exhibition of landscape architecture :$bits contemporary expression and historical sources /$cSan Francisco Museum of Art.
246 3 $aExhibition of Landscape architecture.
260 0 $aSan Francisco, Calif. :$bThe Museum,$c1937.
300   $a1 folded sheet (6 p.) :$bill. ;$c24 cm.
500   $aExhibit included an associated exhibition of the work of the Pacific Coast Chapter of the American Society of Landscape Architects.
650  0$aLandscape architecture$xExhibitions.
710 2 $aSan Francisco Museum of Art.
710 2 $aAmerican Society of Landscape Architects.$bPacific Coast Chapter.
988   $a20020608
906   $0MH

