LEADER 00833nam a22001937u 4500
001 000000056-6
005 20020606090541.3
008 821202|1938    |||||||  |||| |0||||eng|d
035 0 $aocm84469851
245 00$aExhibition of contemporary architecture, landscape architecture, sculpture, mural painting and the decorative arts /$cbythe Boston Society of Architects and the Boston Society of Landscape Architects.
260 0 $a[Boston], Mass. :$bBoston Society of Architects,$c1938.
300   $a1 folded sheet (8 p.) ;$c22 cm.
500   $aExhibition held at Jordan Marsh Company, Boston, Mass., March 14 to 26, 1938.
650  0$aArchitecture$xExhibitions.
650  0$aLandscape architecture$xExhibitions.
710 2 $aBoston Society of Architects.
710 2 $aBoston Society of Landscape Architects.
988   $a20020608
906   $0MH

