LEADER 00880nam a22002177u 4500
001 000000057-4
005 20090413100137.0
008 821202s19uu    |||||||  |||| |0||||eng|d
035 0 $aocn424526143
245 04$aThe Boston Society of Architects...invite you to...the private view of the joint exhibition of architecture, landscape architecture and arts and crafts.
260 0 $a[Boston], Mass. :$bThe Society,$c[191-?]
300   $a1 p. ;$c24 cm.
500   $aExhibition held at Rogers Building, 491 Boylston Street, Boston, Mass. November 3, until November 17.
650  0$aArchitecture$xExhibitions.
650  0$aLandscape architecture$xExhibitions.
710 2 $aBoston Society of Architects.
710 2 $aBoston Architectural Club.
710 2 $aBoston Society of Landscape Architects.
710 2 $aSociety of Arts and Crafts (Boston, Mass.)
988   $a20020608
906   $0MH

