LEADER 00966nam a22002177u 4500
001 000000058-2
005 20020606090541.3
008 821202|1917    |||||||  |||| |0||||eng|d
035 0 $aocm77674366
245 00$aJoint exhibition; architecture, landscape architecture, arts and crafts /$cBoston Society of Architects, Boston Architectural Club, Boston Society of Landscape Architects, the Society of Arts and Crafts.
260 0 $aBoston, Mass. :$bBoston Society of Architects,$c1917.
300   $a[2] p. ;$c20 cm.
500   $aExhibition held in Rogers Building, Massachusetts Institute of Technology, Boylston Street, Boston, Mass., November, 1917.
650  0$aArchitecture$xExhibitions.
650  0$aLandscape architecture$xExhibitions.
710 2 $aBoston Society of Architects.
710 2 $aBoston Architectural Club.
710 2 $aBoston Society of Landscape Architects.
710 2 $aSociety of Arts and Crafts (Boston, Mass.)
988   $a20020608
906   $0MH

