LEADER 00576nam a22001697u 4500
001 000000059-0
005 20020606090541.3
008 821202|1960    |||||||  |||| |0||||eng|d
035 0 $aocm78390230
245 00$aLouisiana Art Commission presents an exhibition of landscape architecture.
260 0 $a[Baton Rouge?], Louisiana :$bThe Commission,$c[1960?]
300   $a10 p. ;$c22 cm.
500   $aExhibition held at the Old State Capitol, June 12 to June 28, 1960.
650  0$aLandscape architecture$xExhibitions.
710 2 $aLouisiana Art Commission.
988   $a20020608
906   $0MH

