LEADER 00787nam a22002057u 4500
001 000000060-4
005 20020606090541.3
008 821202|1938    |||||||  |||| |0||||eng|d
035 0 $aocm77872248
111 2 $aInternational Horticultural Congress$n(12th :$d1938 :$cBerlin, Germany)
245 10$aXIIth International Horticultural Congress.
246 3 $aTwelfth International Horticultural Congress.
246 3 $a12th International Horticultural Congress.
260 0 $aBerlin, Germany :$bThe Congress,$c1938.
300   $a50 p. :$bill., map, ports. ;$c21 cm.
500   $aCongress held from August 12 to 17, 1938.
500   $aIncluded with piece are an invitation to the Congress and an application for membership.
650  0$aHorticulture$xCongresses.
988   $a20020608
906   $0MH

