LEADER 00674nam a22001817u 4500
001 000000061-2
005 20020606090541.3
008 821202|1950    |||||||  |||| |0||||ger|d
035 0 $aocm80274344
245 00$aDeutsche Gartenschau Stuttgart.
260 0 $aStuttgart,[Germany] :$bStadt Stuttgart :$bVerband des Deutschen Gemüse-, Obst- und Gartenbaues,$c1950.
300   $a176 p. :$bill., col. map ;$c21 cm.
500   $aGartenschau sponsored by Stuttgart and Verband des Deutschen Gemüse-, Obst- und Gartenbaues.
650  0$aGardens$zGermany.
710 1 $aStuttgart (Germany)
710 2 $aVerband des Deutschen Gemüse-, Obst- und Gartenbaues.
988   $a20020608
906   $0MH

