LEADER 00668nam a22001697u 4500
001 000000062-0
005 20020606090541.3
008 821202|1928    |||||||  |||| |0||||eng|d
035 0 $aocm77580207
245 04$aThe Royal Horticultural Society's international exhibition of garden design and conference.
260 0 $aLondon ,[Eng.] :$bThe Society,$c1928.
300   $a116, xxii p. :$bplans ;$c22 cm.
500   $aExhibition and conference held in the Society's halls, Vincent Square and Greycoat Street, Westminster, from Oct. 17 to Oct. 24, 1928.
650  0$aHorticultural exhibitions.
710 2 $aRoyal Horticultural Society (Great Britain)
988   $a20020608
906   $0MH

