LEADER 00662nam a22001697u 4500
001 000000063-9
005 20020606090541.3
008 821202|1939    |||||||  |||| |0||||eng|d
035 0 $aocn188262662
245 00$aGarden and landscape :$ban exhibition /$cheld by the Institute of Landscape Architects.
260 0 $aLondon, [Eng.] :$bThe Institute,$c[1939?]
300   $a14 p. :$bill. ;$c25 cm.
500   $aExhibition held at Broadway, Worcestershire and at the Royal Institute of British Architects, London, England.
650  0$aLandscape architecture$zEngland$xExhibitions.
710 2 $aInstitute of Landscape Architects (Great Britain)
988   $a20020608
906   $0MH

