LEADER 00564nam a22001817u 4500
001 000000064-7
005 20020606090541.3
008 821202|1913    |||||||  |||| |0||||dut|d
035 0 $aocm80619553
245 00$aGroote rozen-tentoonstelling.
260 0 $a[Netherlands] :$bNederlandsche Tuinbouwraad,$c1913.
300   $a24 p. :$bill. ;$c32 cm.
500   $aSpecial issue of De Tuinbouw.
500   $aExhibition held in Boskoop from July 9 to 23, 1913.
650  0$aRoses$xExhibitions.
650  0$aHorticultural exhibitions$zNetherlands.
988   $a20020608
906   $0MH

