LEADER 00647nam a22001817u 4500
001 000000065-5
005 20020606090541.3
008 821202|1924    |||||||  |||| |0||||eng|d
035 0 $aocm83038049
110 2 $aBoston Society of Landscape Architects.
245 10$aExhibition of the Boston Society of Landscape Architects.
260 0 $aBoston, [Mass.] :$bThe Society,$c[1924?]
300   $a1 folded sheet (3 p.) ;$c26 cm.
500   $aExhibition held in Horticultural Hall, Boston, Mass. from Feb. 19 to Mar. 1, 1924.
610 20$aBoston Society of Landscape Architects.
650  0$aLandscape architecture$xExhibitions.
988   $a20020608
906   $0MH

