LEADER 00628nam a22001697u 4500
001 000000066-3
005 20020606090541.3
008 821202|1920    |||||||  |||| |0||||eng|d
035 0 $aocm78443783
245 00$aOfficial program for the competition for the design of the insignia for the American Society of Landscape Architects, Inc.
260 0 $a[Simsbury, Conn.] :$bThe Society,$c1920.
300   $a[2] p. ;$c29 cm.
500   $aIncludes invitation to participate in the competition.
650  0$aInsignia$xAwards.
710 2 $aAmerican Society of Landscape Architects.$bSpecial Committee on Insignia.
988   $a20020608
906   $0MH

