LEADER 00662nam a22001817u 4500
001 000000067-1
005 20020606090541.3
008 821202|1939    |||||||  |||| |0||||eng|d
035 0 $aocn188262682
110 2 $aMichigan Academy of Science, Arts, and Letters.$bSection of Landscape Architecture.
245 10$aProgram.
260 0 $aAnn Arbor, Mich. :$bThe Academy,$c1939.
300   $a2 p. ;$c28 cm.
500   $aSection held in Michigan Union, March 17th and 18th, 1939.
650  0$aLandscape architecture$xStudy and teaching$zMichigan.
710 2 $aMichigan Academy of Science, Arts, and Letters.$bSection of Landscape Architecture.
988   $a20020608
906   $0MH

