LEADER 00681nam a22001817u 4500
001 000000068-X
005 20020606090541.3
008 821202|1930    |||||||  |||| |0||||eng|d
035 0 $aocm83476524
245 00$aList of pictures of domestic landscape architecture and gardens as done by members of the American Society of Landscape Architects /$cexhibited by the American Federation of Arts.
260 0 $a[S.l.] :$bThe Federation,$c[1930]
300   $a12 p. ;$c11 cm.
650  0$aLandscape architecture$xExhibitions.
650  0$aHorticultural exhibitions.
710 2 $aAmerican Society of Landscape Architects.
710 2 $aAmerican Federation of Arts.
988   $a20020608
906   $0MH

