LEADER 00741nam a22002057u 4500
001 000000069-8
005 20020606090541.3
008 821202|1939    |||||||  |||| |0||||eng|d
035 0 $aocm79015571
100 1 $aShankland, Graeme.
245 10$aGarden and landscape :$ban exhibition organized by the Institute of Landscape Architects at the R.I.B.A.
260 0 $a[London, Eng.] :$bThe R.I.B.A.,$c1939.
300   $a3 p. ;$c11 cm.
500   $aWritten by Graeme Shankland; includes manuscript annotations.
650  0$aLandscape architecture$xExhibitions.
650  0$aHorticultural exhibitions.
710 2 $aInstitute of Landscape Architects (Great Britain)
710 2 $aRoyal Institute of British Architects.
988   $a20020608
906   $0MH

