LEADER 00569nam a22001817u 4500
001 000000070-1
005 20020606090541.3
008 821202|1932    |||||||  |||| |0||||eng|d
035 0 $aocm81053460
110 2 $aAmerican Federation of Arts.
245 10$aTraveling exhibitions /$cAmerican Federation of Arts.
260 0 $a[Washington, D.C.] :$bThe Federation,$c[1932?]
300   $a36 p. ;$c23 cm.
500   $aCover title includes "twenty-fourth season".
610 20$aAmerican Federation of Arts.
650  0$aTraveling exhibitions$xCatalogs.
988   $a20020608
906   $0MH

