LEADER 00764nam a22001697u 4500
001 000000071-X
005 20020606090541.3
008 821202|1966    |||||||  |||| |0||||eng|d
035 0 $aocm83356670
100 1 $aMoses, Robert,$d1888-1981.
245 10$a[Remarks and speeches by Robert Moses.]
260 0 $a[New York, N.Y.] :$bNew York World's Fair 1964-1965 Corporation,$c[1966]
300   $a[17] p. ;$c28 cm.
500   $aIncludes:"Remarks of Robert Moses...at the reopening of the Space Exhibit...at Flushing Meadow, September 21, 1966" and "Remarks of Robert Moses at the annual meeting of the Catholic Poetry Club, The Lotos Club, New York City,...October 28, 1966" and miscellaneous articles by Robert Moses.
650  0$aCity planning.
988   $a20020608
906   $0MH

