LEADER 00652nam a22001697u 4500
001 000000072-8
005 20020606090541.3
008 821202|1942    |||||||  |||| |0||||eng|d
035 0 $aocm16694059
245 02$aA Glossary of landscape terms /$cdeveloped by the Sub-Committee on Landscape Work at the Central Housing Committee on Research Design and Construction.
260 0 $aWashington, D.C. :$bThe Sub-Committee,$c1942.
300   $a36 p. ;$c27 cm.
650  0$aLandscape$xTerminology.
650  0$aLandscape architecture$xTerminology.
710 1 $aUnited States.$bCentral Housing Committee.$bSub-Committee on Landscape Work.
988   $a20020608
906   $0MH

