LEADER 00586nas a22001695u 4500
001 000000073-6
005 20110926112313.0
008 821202d19421946mauuu u||     0|||||eng|d
035 0 $aocn188262711
110 2 $aHarvard University.$bDepartment of Landscape Architecture.
245 10$aNewsletter /$cBremer W. Pond.
260 0 $a[Cambridge, Mass.] :$bHarvard University, Department of Landscape Architecture,$c1942-1946.
300   $av.
610 20$aHarvard University.$bDepartment of Landscape Architecture.
700 1 $aPond, Bremer W.$q(Bremer Whidden),$d1884-
988   $a20020608
906   $0MH

