LEADER 00859nam a2200253Ia 4500
001 000000074-4
005 20040120141952.0
008 031103s1876    cc            000 0 chi d
035 0 $aocm53334434
040   $aHMY$cHMY
100 1 $6880-01$aYang, Wencai.
245 10$6880-02$aYang zi shu yi :$bliu juan /$cYang Wencai zhu ; Han Yizhang chong kan.
260   $6880-03$a[Hangzhou] :$bHan Yizhang Wen qi tang$cGuangxu 2 nian [1876].
300   $a10 v. ;$c29 cm.
500   $6880-04$a9 hang 22 zi.
500   $aBlock print.
500   $aOn double leaves, oriental style, in 2 cases.
500   $6880-05$aNei feng ti: Guangxu er nian [1876] chong kan / Wen qi tang cang ban.
630 00$6880-06$aShu jing.
700 1 $6880-07$aHan, Yizhang,$echong kan.
710 2 $6880-08$aWen qi tang,$ecang ban.
988   $a20040120
049   $aHMYH$od
906   $0MH

