LEADER 00634nam a22001937u 4500
001 000000075-2
005 20020606090541.3
008 821202|1949    |||||||  |||| |0||||eng|d
035 0 $aocm79275192
245 00$aTo live and to live gloriously... :$bHoward Braucher.
260 0 $aNew York, N.Y. :$bNational Recreation Association,$c1949.
300   $a56 p. ;$bill., port. ;$c28 cm.
500   $aMemorial brochure to Howard Braucher.
500   $aPublished by National Recreation Association.
600 10$aBraucher, Howard,$d1881-1949.
650  0$aRecreation.
710 2 $aNational Recreation Association.
988   $a20020608
906   $0MH

