LEADER 00511nam a22001577u 4500
001 000000076-0
005 20090413100322.0
008 821202s1927    |||||||  |||| |0||||eng|d
035 0 $aocn424526144
100 1 $aBabcock, Mabel Keyes.
245 12$aA portfolio of interesting gardens :$bselected from photographs of landscape work /$cdesigned and built by Mabel Keyes Babcock, A.B., M.S.
260   $aBoston, Mass. :$b[s.n.,$c192-?]
300   $a11 p. ;$bill. ;$c29 cm.
650  0$aGardens.
988   $a20020608
906   $0MH

