LEADER 00615nam a22001697u 4500
001 000000077-9
005 20090413100448.0
008 821202s1903    |||||||  |||| |0||||eng|d
035 0 $aocn424526145
245 00$aBrief account of the first action taken in the history of the Cedar Hill Cemetery, Hartford, Conn.
260 0 $a[S.l. :$bs.n.,$c19--?]
300   $a[1] p. ;$c28 cm.
500   $aCopied from: Cedar Hill Cemetery, Hartford, Conn., 1863-1903, published Hartford: The Cemetery, 1903.
650  0$aCemeteries$zConnecticut$zHartford.
710 1 $aCedar Hill Cemetery (Hartford, Conn.)
988   $a20020608
906   $0MH

