LEADER 00599nam a22001817u 4500
001 000000078-7
005 20020606090541.3
008 821202|1915    |||||||  |||| |0||||eng|d
035 0 $aocm84256702
100 1 $aJensen, Lars Peter.
245 10$aLandscape gardening /$cby L.P. Jensen.
260 0 $a[Jefferson City,], Mo. :$bMissouri State Board of Horticulture,$c[1915?]
300   $a20 p. :$bill. ;$c23 cm.
490 0 $aBulletin / Missouri State Board of Horticulture ;$vno. 6
650  0$aLandscape gardening$xHistory.
710 1 $aMissouri.$bState Board of Horticulture.
988   $a20020608
906   $0MH

