LEADER 00584nam a22001697u 4500
001 000000079-5
005 20090413100521.0
008 821202s1914    |||||||  |||| |0||||eng|d
035 0 $aocn424526146
245 00$aLiberty Hyde Bailey :$bauthor of "The Garden of Larkspurs", "The Standard Cyclopedia of Horticulture", etc. /$cMacmillan Company.
260 0 $aNew York, N.Y. :$bMacmillan Company,$c[191-?]
300   $a[1] p. ;$c28 cm.
600 10$aBailey, L. H.$q(Liberty Hyde),$d1858-1954.
650  0$aHorticulturists$xBiography.
710 2 $aMacmillan Company.
988   $a20020608
906   $0MH

