LEADER 00861nam a2200217K  4500
001 000000080-9
005 20081009150451.0
008 790208s1949    xx            00000 eng u
035 0 $aocm04630640
040   $aDDO
100 1 $aBlegen, Theodore Christian,$d1891-1969.
245 10$aHorace William Shaler Cleveland :$bPioneer American landscape architect /$c[by] Theodore C. Blegen.
260 0 $aMinneapolis, Minn. :$bH.N. Bruce Printing Co.,$c1949.
300   $a[16] p. :$bport. ;$c18 cm.
500   $aPublished for the St. Anthony Park Area Historical Association.
600 10$aCleveland, H. W. S.$q(Horace William Shaler),$d1814-1900.
650  0$aLandscape architects$zMinnesota$zMinneapolis.
650  0$aLandscape architects$zMinnesota$zSaint Paul.
710 1 $aSt. Anthony Park Area Historical Association, Minneapolis.
988   $a20020608
906   $0MH

