LEADER 00549nam a22001817u 4500
001 000000081-7
005 20020606090541.3
008 821202|1972    |||||||  |||| |0||||eng|d
035 0 $aocm84066762
100 1 $aMcPeck, Eleanor M.
245 10$aHorace W.S.Cleveland in the East 1854-1878 /$cEleanor M. McPeck.
260 0 $a[Cambridge, Mass] :$bE.M. McPeck,$c[1972]
300   $a17 p. ;$c28 cm.
500   $aPhotocopy.
600 10$aCleveland, H. W. S.$q(Horace William Shaler),$d1814-1900.
650  0$aLandscape architects.
988   $a20020608
906   $0MH

