LEADER 00559nam a22001697u 4500
001 000000082-5
005 20020606090541.3
008 821202|1940    |||||||  |||| |0||||eng|d
035 0 $aocm84938391
245 00$aRosetta E. Clarkson :$bauthor of "Green enchantment" and "Magic gardens : a modern chronicle of herbs and savory seeds" /$cMacmillan Company.
260 0 $aNew York, N.Y. :$bMacmillan Company,$c1940.
300   $a[1] p. ;$c28 cm.
600 10$aClarkson, Rosetta E.
650  0$aHerb gardening.
710 2 $aMacmillan Company.
988   $a20020608
906   $0MH

