LEADER 00625nam a22001937u 4500
001 000000083-3
005 20020606090541.3
008 821202|1916    |||||||  |||| |0||||eng|d
035 0 $aocm77762080
100 1 $aOlmsted, John Charles,$d1852-1920.
245 14$aThe influence of A.J. Downing upon the designers of Central Park /$cby John C. Olmsted.
260 0 $a[S.l.] :$bJ.C. Olmsted,$c1916.
300   $a15 p. ;$c29 cm.
500   $aTypescript.
600 10$aDowning, A. J.$q(Andrew Jackson),$d1815-1852.
651  0$aCentral Park (New York, N.Y.)
650  0$aParks$zNew York (State)$zNew York.
988   $a20020608
906   $0MH

