LEADER 00603nam a22001697u 4500
001 000000084-1
005 20020606090541.3
008 821202|1856    |||||||  |||| |0||||eng|d
035 0 $aocm83760855
245 02$aA Biographical notice, and an account of the works of Andrew J. Downing.
260 0 $aPhiladelphia, Pa. :$bChilds & Peterson,$c1856.
300   $a4 p. ;$c28 cm.
500   $aTypescript; copied from pages of 5 and 6 of: Year-book of agriculture for 1855 and 1856.
600 10$aDowning, A. J.$q(Andrew Jackson),$d1815-1852.
650  0$aLandscape architects$xBiography.
988   $a20020608
906   $0MH

