LEADER 00597nam a22001817u 4500
001 000000085-X
005 20020606090541.3
008 821202|1852    |||||||  |||| |0||||eng|d
035 0 $aocm78531126
245 00$aTribute to the late A.J. Downing /$cby [Mrs. Monell?]
260 0 $a[New York,N.Y.? :$bPeabody & Co.?],$c1852.
300   $a3 p. ;$c28 cm.
500   $aTypescript copied from The Knickerbocker, Oct. 1852, vol. 40:4, p. 353-355.
600 10$aDowning, A. J.$q(Andrew Jackson),$d1815-1852.
650  0$aLandscape architects$xBiography.
700 1 $aMonell,$cMrs.
988   $a20020608
906   $0MH

