LEADER 00740nam a22001817u 4500
001 000000086-8
005 20020606090541.3
008 821202|1843    |||||||  |||| |0||||eng|d
035 0 $aocm78363232
245 00$aLandscape gardening and rural architecture :$breview of A.J. Downing's "Landscape Gardening and Rural Architecture" and of his "Cottage Residences Adapted to North America".
260 0 $a[New Haven, Conn.? :$bA.H. Maltby?],$c1843.
300   $a11 p. ;$c28 cm.
500   $aTypescript copied from The New Englander, April 1843, vol. 1, no. 2, p. 203-215.
600 10$aDowning, A. J.$q(Andrew Jackson),$d1815-1852.
650  0$aLandscape gardening$xBook reviews.
650  0$aArchitecture$xBook reviews.
988   $a20020608
906   $0MH

