LEADER 00739nam a22001817u 4500
001 000000087-6
005 20020606090541.3
008 821202|1947    |||||||  |||| |0||||eng|d
035 0 $aocm77657693
245 04$aThe Landscape axis.
260 0 $aBerkeley, Calif. :$bUniversity of California, Berkeley, Division of Landscape Design,$c1947.
300   $a16 p. :$bport. ;$c28 cm.
500   $aThis post-war volume was dedicated to John William Gregg, Chairman and Professor of the Division of Landscape Design... at the University of California.
610 20$aUniversity of California, Berkeley.$bDivision of Landscape Design.
650  0$aLandscape architecture$xStudy and teaching.
700 1 $aGregg, John William.
988   $a20020608
906   $0MH

