LEADER 00625nam a22001817u 4500
001 000000088-4
005 20020606090541.3
008 821202|1949    |||||||  |||| |0||||eng|d
035 0 $aocm79742427
100 1 $aStetson, Sarah P.
245 10$aWilliam Hamilton and his "Woodlands" /$cby Sarah P. Stetson.
260 0 $a[Pennsylvania? :$bHistorical Society of Pennsylvania?],$c1949.
300   $a33 p. ;$c25 cm.
500   $aOffprint from : The Pennsylvania magazine of history and biography, January, 1949.
600 10$aHamilton, William.
650  0$aLandscape gardening$zPennsylvania$zPhiladelphia.
988   $a20020608
906   $0MH

