LEADER 00738nam a22002057u 4500
001 000000089-2
005 20020606090541.3
008 821202|1943    |||||||  |||| |0||||eng|d
035 0 $aocm03826314
245 00$aJefferson and agriculture :$ba sourcebook /$ccompiled and edited by Everett E. Edwards.
260 0 $a[Washington, D.C.?] :$bUnited States Department of Agriculture,$c1943.
300   $a92 p. ;$c27 cm.
490 0 $aAgricultural history series ;$vno. 7
500   $aPublished in commemoration of the 200th anniversary of the birth of Thomas Jefferson.
600 10$aJefferson, Thomas,$d1743-1826.
650  0$aAgriculturists.
650  0$aAgriculture.
700 1 $aEdwards, Everett Eugene,$d1900-
988   $a20020608
906   $0MH

