LEADER 00484nam a22001577u 4500
001 000000090-6
005 20020606090541.3
008 821202|1943    |||||||  |||| |0||||eng|d
035 0 $aocm80354259
245 00$aCatalogue of the library of Thomas Jefferson 1815 :$ba prospectus.
260 0 $aWashington, D.C. :$bLibrary of Congress,$c1943.
300   $a17 p. :$bill. ;$c25 cm.
600 10$aJefferson, Thomas,$d1743-1826$xLibrary.
710 2 $aLibrary of Congress.
988   $a20020608
906   $0MH

