LEADER 00819nam a22001817u 4500
001 000000091-4
005 20111213143451.0
008 821202|1943    |||||||  |||| |0||||eng|d
035 0 $aocm78506707
245 04$aThe Thomas Jefferson Bicentennial 1743-1843 :$ba catalogue of the exhibitions at the Library of Congress opened on April 12th.
260 0 $aWashington, D.C. :$bThe Library,$c1943.
300   $a170 p.,[2] leaves of plates :$bill. ;$c24 cm.
500   $aCatalogue includes: The Permanence of Jefferson by Mr. Justice Felix Frankfurter; an address delivered on April 13th in the Coolidge Auditorium of the Library of Congress.
600 10$aJefferson, Thomas,$d1743-1826$xAnniversaries, etc.$xExhibitions.
700 1 $aFrankfurter, Felix,$d1882-1965.
710 2 $aLibrary of Congress.
988   $a20020608
906   $0MH

