LEADER 00604nam a2200193K  4500
001 000000092-2
005 20120510160503.0
008 931120s1943    vau          s000 0 eng d
035 0 $aocm78069022
040   $aFLL$cFLL
100 1 $aWard, James E.
245 10$aThomas Jefferson's contributions to agriculture.
260   $aCharlottesville,$bUniversity of Virginia, School of Rural Social Economics.$c[1943]
300   $a1 p.
490 0 $aUniversity of Virginia news letter,$vvol. 29, no. 14
500   $aApr. 15, 1943.
600 10$aJefferson, Thomas,$d1743-1826$xBiography.
988   $a20020608
906   $0MH

