LEADER 00760nam a22002057u 4500
001 000000093-0
005 20020606090541.3
008 821202|1933    |||||||  |||| |0||||eng|d
035 0 $aocm84174016
245 00$a[Rockwell Kent lecture?] :$b[announcement] /$cunder the auspices of the Cambridge School of Architecture and Landscape Architecture.
260 0 $a[Cambridge, Mass.] :$bThe School,$c[1933]
300   $a[1] p. :$bport. ;$c48 cm. folded to 12 x 16 cm.
500   $aAnnouncement includes ticket order form.
500   $aProceeds for the scholarship fund.
600 10$aKent, Rockwell,$d1882-1971.
650  0$aArt, Modern$xStudy and teaching.
650  0$aArchitecture$xStudy and teaching.
710 2 $aCambridge School.
988   $a20020608
906   $0MH

