LEADER 00681nam a22001817u 4500
001 000000094-9
005 20020606090541.3
008 821202|1929    |||||||  |||| |0||||eng|d
035 0 $aocm41793634
100 1 $aCramton, Louis C.,$d1875-
245 10$aSpeech of Hon. Louis C. Cramton of Michigan in the House of Representatives, Tuesday, January 15, 1929.
260 0 $a[Washington, D.C.?] : U.S. Government Printing Office,$c1929.
300   $a8 p. ;$c25 cm.
500   $aIncludes introduction entitled: Stephen T. Mather and the National Parks.
600 10$aMather, Stephen Tyng,$d1867-1930.
610 10$aUnited States.$bNational Park Service$xBiography.
988   $a20020608
906   $0MH

