LEADER 00690nam a2200217Ia 4500
001 000000095-7
005 20020606090541.3
008 820109s1960    vtua          000 0beng d
035 0 $aocm08053876
040   $aMDY$cMDY$dFLL
043   $an-us-vt
090   $aE415.9.M185$bL62
100 1 $aLowenthal, David.
245 14$aThe Vermont heritage of George Perkins Marsh :$ban address before the Woodstock Historical Society /$cby David Lowenthal.
260   $aWoodstock, Vt. :$bThe Society,$c1960.
300   $a16 p. :$bill. ;$c23 cm.
500   $aCover title.
600 10$aMarsh, George Perkins,$d1801-1882.
710 2 $aWoodstock Historical Society (Vt.)
988   $a20020608
906   $0OCLC

