LEADER 00615nam a22001817u 4500
001 000000096-5
005 20021210143433.0
008 821202|1976    |||||||  |||| |0||||eng|d
035 0 $aocm79040757
100 1 $aAlex, William.
245 00$aFairsted :$bthe Frederick Law Olmsted home and office.
260 0 $a[New York, N.Y.] :$bOlmsted Sesquicentennial Committee,$cc1976.
300   $a[13] p. :$bill., maps, plan, ports. ;$c22 cm.
500   $aCopyrighted by William Alex.
600 10$aOlmsted, Frederick Law,$d1822-1903$xHomes and haunts.
710 2 $aOlmsted Sesquicentennial Committee.
988   $a20020608
906   $0MH

