LEADER 00638nam a2200205Ii 4500
001 000000097-3
005 20050319134033.0
008 760316s1972    ilua          00010 eng d
035 0 $aocm02052389
040   $aPAU$cPAU$dm.c.
100 1 $aRanney, Victoria Post.
245 10$aOlmsted in Chicago /$cby Victoria Post Ranney.
260 0 $aChicago :$bPrinted by R.R. Donnelley,$c1972.
300   $a40 p. :$bill. ;$c33 cm.
500   $a"The Open Lands Project."
600 10$aOlmsted, Frederick Law,$d1822-1903.
650  0$aParks$zIllinois$zChicago.
690  9$aParks$zUnited States$zIllinois$zChicago.$5gdn
988   $a20020608
906   $0OCLC

