LEADER 00753cam a2200217I  4500
001 000000098-1
005 20020606090541.3
008 790827s1961    nyu           000 0deng d
035 0 $aocm05314464
040   $aCOO$cCOO$dm/c$dYQR$dFLL
090   $aQK31.S34$bA3
100 1 $aSargent, Charles Sprague,$d1841-1927.
245 10$aExcerpts:$bLetters of Charles Sprague Sargent to Rochester Park Personnel.$cSelected and annotated by Bernard Harkness.
246 3 $aLetters of Charles Sprague Sargent to Rochester Park Personnel.
260   $a[Rochester]$bRochester Chapbooks,$c1961.
300   $a51 p.$c23 cm.
504   $aBiographical footnotes.
610 10$aRochester, New York$xParks.
700 1 $aHarkness, Bernard E.
988   $a20020608
906   $0OCLC

