LEADER 00438nam a22001457u 4500
001 000000099-X
005 20020606090541.3
008 821202|1972    |||||||  |||| |0||||eng|d
035 0 $aocm82617130
110 2 $aFrederick Law Olmsted Association.
245 14$aThe family tree of the Olmsted firms.
260  0$a[S.l. :$bFrederick Law Olmsted Association,$c1972?]
650  0$aLandscape architects$zMassachusetts$zBoston.
988   $a20020608
906   $0MH

