LEADER 00878nam a2200253K  4500
001 000000100-7
005 20150114170336.0
008 930518s1974    xx            000 0 eng d
035 0 $aocm83793285
035 0 $aocm04251749
040   $aFLL$cFLL
100 1 $aFein, Albert.
245 10$aFrederick Law Olmsted and the city of Cambridge:$ba note on the career of an environmental gardener.
260   $a[n.p.],$c1974.
300   $a19 p.
500   $aPaper presented on April 2, 1974 to the Cambridge Plant and Garden Club.
600 10$aOlmsted, Frederick Law,$d1822-1903.
650  0$aLandscape architects$zMassachusetts$zCambridge.
690  9$aLandscape architecture$zUnited States. Cambridge, Mass.$5des
691  9$aCambridge, Mass.$5des
700 1 $aOlmsted, Frederick Law,$d1822-1903.
710 2 $aCambridge Plant and Garden Club.
988   $a20020608
906   $0MH

