LEADER 00637nam a22001817u 4500
001 000000101-5
005 20150114172014.0
008 821202|1963    |||||||  |||| |0||||eng|d
035 0 $aocm04251749
035 0 $aocm83793285
245 00$aFrederick Law Olmsted :$ba register of his papers in the Library of Congress.
260 0 $aWashington, D.C. :$bManuscript Division, Reference Department, Library of Congress,$c1963.
300   $a13 p. ;$c27 cm.
500   $aIncludes 1 page biographical note.
600 10$aOlmsted, Frederick Law,$d1822-1903$xArchives.
710 2 $aLibrary of Congress.$bManuscript Division.
988   $a20020608
906   $0MH

