LEADER 00685nam a22001937u 4500
001 000000102-3
005 20020606090541.3
008 821202|1872    |||||||  |||| |0||||eng|d
035 0 $aocm77572601
245 00$a[Olmsted appointment to the Department of Public Parks /$cby the Mayor of New York]
260 0 $aNew York, N.Y. :$bMayor's Office,$c1872.
300   $a[2] p. ;$c36 cm.
500   $aPhotocopy.
500   $aIncluded is a memorandum referring to Mr. Stebbins' resignation as Park Commissioner.
600 10$aOlmsted, Frederick Law,$d1822-1903.
650  0$aParks$zNew York (State)$zNew York.
710 1 $aNew York (N.Y.).$bMayor (1869-1872 : Hall)
988   $a20020608
906   $0MH

