LEADER 00886nam a22002057u 4500
001 000000103-1
005 20020606090541.3
008 821202|1937    |||||||  |||| |0||||eng|d
035 0 $aocm19828315
100 1 $aSpingarn, Joel Elias,$d1875-1939.
245 10$aHenry Winthrop Sargent and the early history of landscape gardening and ornamental horticulture in Dutchess County, New York /$cby J.E. Spingarn.
260 0 $a[New York State :$bDutchess County Historical Society,$c1937]
300   $a35 p. ;$c23 cm.
500   $aReprinted from the 1937 year book of Dutchess County Historical Society.
600 20$aSargent, Henry Winthrop,$d1810-1882.
650  0$aLandscape gardening$zNew York (State)$zDutchess County.
650  0$aOrnamental horticulture$zNew York (State)$zNew York (State)$zDutchess County.
710 2 $aDutchess County Historical Society.
988   $a20020608
906   $0MH

