LEADER 00520nam a22001697u 4500
001 000000104-X
005 20091105094915.0
008 821202|1918    |||||||  |||| |0||||eng|d
035 0 $aocm36631015
245 00$aAndrew Robeson Sargent, class of 1900.
260 0 $a[Boston, Mass. :$bThe Harvard Graduates' Magazine,$c1918]
300   $a[4] p. ;$c24 cm.
500   $aReprinted from: Harvard graduates' magazine, December 1918.
600 10$aSargent, Andrew Robeson.
650  0$aLandscape gardening.
988   $a20020608
906   $0MH

