LEADER 00814nam a22002297u 4500
001 000000105-8
005 20020606090541.3
008 821202|1949    |||||||  |||| |0||||eng|d
035 0 $aocm70140845
043   $an-us-pa
050  4$aF158.44$b.S74 1949
100 1 $aStetson, Sarah P.
245 14$aThe Philadelphia soujourn of Samuel Vaughan /$cby Sarah P. Stetson.
260 0 $a[Philadelphia :$bHistorical Society of Pennsylvania,$c1949]
500   $aOffprint from: The Pennsylvania magazine of history and biography, October 1949.
504   $aIncludes bibliographical references.
600 10$aVaughan, Samuel,$dactive 18th century.
600 10$aFranklin, Benjamin,$d1706-1790.
600 10$aVaughan, Samuel,$d1720-1802.
651  0$aPhiladelphia (Pa.)$xHistory$y18th century.
988   $a20020608
906   $0MH

