LEADER 00510nam a22001817u 4500
001 000000106-6
005 20020606090541.3
008 830127|1964    |||||||  |||| |0||||eng|d
035 0 $aocm80034063
100 1 $aLockwood, Grace S.
245 10$aCalvert Vaux /$cGrace S. Lockwood.
260 0 $a[Cambridge, Mass.? :$bGrace S. Lockwood],$c1964.
300   $a4 p. ;$c28 cm.
500   $aTypescript.
600 10$aVaux, Calvert,$d1824-1895.
650  0$aLandscape architects$zUnited States.
988   $a20020608
906   $0MH

