LEADER 00689nam a22001817u 4500
001 000000107-4
005 20090712065721.0
008 821202|1939    |||||||  |||| |0||||eng|d
035 0 $aocm81700696
245 00$aMassachusetts State College :$bdinner in observance of the retirement of Dr. Frank A. Waugh from active teaching.
260 0 $aAmherst, Mass. :$bMassachusetts State College,$c1939.
300   $a[11] p. :$bport. ;$c24 cm.
500   $aProgram includes menu and biographical sketch of Frank A. Waugh.
500   $aBiographical sketch written by Arthur K. Harrison.
600 10$aWaugh, F. A.$q(Frank Albert),$d1869-1943.
700 1 $aHarrison, Arthur K.
988   $a20020608
906   $0MH

