LEADER 00926cam a2200265   4500
001 000000108-2
005 20020606090541.3
008 750124s1859    mau           000 0 eng  
010   $a   74194169 //r91
035 0 $aocm01324214
040   $aDLC$cDLC$dFLL
050 00$aSB471$b.F64
082 00$a712/.6
100 1 $aFollen, Charles.
245 10$aSuggestions on landscape gardening,$cby Charles Follen. Thorough drainage, by J. Herbert Shedd.
246 3 $aThorough drainage.
260   $aBoston,$bPhillips, Sampson,$c1859.
300   $a20 p.$c24 cm.
650  0$aLandscape gardening.
650  0$aDrainage.
700 12$aShedd, Joel Herbert,$d1834-1915.$tThorough drainage. 1859.
700 12$aShedd, Joel Herbert,$d1834-1915.$tThorough drainage.
776 08$iOnline version:$aFollen, Charles.$tSuggestions on landscape gardening.$dBoston, Phillips, Sampson, 1859$w(OCoLC)664547039
988   $a20020608
906   $0DLC

