LEADER 00963cam a2200301I  4500
001 000000109-0
005 20090712065740.0
008 790921s1941    nyu           000 0 eng  
010   $a   43003645 
035 0 $aocm05398506
040   $aDLC$cSMI$dSMI$dm.c.$dFLL
043   $ae-fr---
050   $aNK3049.U5$bA6
082   $a746.3
100 1 $aAlexander, E. J.$q(Edward Johnston),$d1901-
245 14$aThe flora of the Unicorn tapestries,$cby E. J. Alexander and Carol H. Woodward.
246 3 $aUnicorn tapestries.
260   $a[New York,$c1941]
300   $a28 p.$billus.$c23 cm.
500   $aCover-title.
500   $a"Reprinted from the Journal of the New York botanical garden, May and June, 1941."
650  0$aTapestry$zFrance.
650  0$aDecoration and ornament$xPlant forms.
650  0$aFlower arrangement.
700 1 $aWoodward, Carol H.,$ejoint author.
700 1 $aWoodward, Carol H.,$eauthor.
988   $a20020608
906   $0DLC

