LEADER 00600nam a22001817u 4500
001 000000110-4
005 20020606090541.3
008 821202|1975    |||||||  |||| |0||||eng|d
035 0 $aocm82736751
245 04$aThe Abby Aldrich Rockefeller garden; a meeting of east and west.
260 0 $a[Maine? :$bs.n.,$c1975?]
300   $a1 folded sheet (6 p.) :$bills., map ;$c22 cm.
500   $aBeatrix Farrand designed the Abby Aldrich Rockefeller garden.
600 10$aRockefeller, Abby Aldrich.
650  0$aGardens$zMaine$zSeal Harbor.
700 1 $aFarrand, Beatrix,$d1872-1959.
988   $a20020608
906   $0MH

