LEADER 00692nam a2200193K  4500
001 000000111-2
005 20020606090541.3
008 890420s1911    ilua          000 0 eng d
035 0 $aocm19577984
040   $aKKU$cKKU$dFLL
090   $aSB472$b.C4
100 1 $aChild, Stephen.
245 10$aLandscape architecture;$ba definition and a resume of its past and present.
260   $aChicago,$bR.J. Haight,$c[1911?]
300   $a30 p.$billus.$c23 cm.
500   $a"Presented before the Congress of Technology held in Boston, April 10-12, 1911, commemorating the fiftieth anniversary of the granting of the charter of the school."
650  0$aLandscape gardening.
988   $a20020608
906   $0OCLC

