LEADER 00540nam a2200193K  4500
001 000000112-0
005 20020606090541.3
008 930519s1941    alu           000 0 eng d
035 0 $aocm79056345
040   $aFLL$cFLL
100 1 $aFisher, Homer S.
245 10$aAppreciation of landscape architecture.
260   $aAuburn,$bThe Alabama Polytechnic Institute. Extension Service.$c1941.
300   $a4 p.
440  0$aCircular$v180
650  0$aLandscape architecture.
690  9$aLandscape architecture.$5des
988   $a20020608
906   $0MH

