LEADER 00458nam a22001577u 4500
001 000000113-9
005 20020606090541.3
008 821202|1902    |||||||  |||| |0||||eng|d
035 0 $aocm41292185
100 1 $aMcDermid, Duncan.
245 10$aLandscape art and its utility /$cby Duncan McDermid.
260 0 $aBoston, Mass. :$b[Duncan McDermid],$c1902.
300   $a18 p. ;$c21 cm.
650  0$aLandscape architecture$xStudy and teaching.
988   $a20020608
906   $0MH

