LEADER 00671nam a2200217K  4500
001 000000114-7
005 20020606090541.3
008 930209s1934    nyu           000 0 eng d
035 0 $aocm40689453
040   $aFLL$cFLL
110 2 $aAmerican Institute of Architects.
245 10$aArchitectural plates and articles:$bstandard filing system.
260   $a[N.Y.],$bThe Institute.$c1934.
300   $a6 p.
650  0$aFiling systems.
650  0$aClassification$xBooks$xArchitecture.
690  9$aLandscape architecture$xClassification.$5des
690  9$aCity planning$xClassification.$5des
690  9$aArchitecture$xFiling system.$5des
988   $a20020608
906   $0MH

