LEADER 01305nam a2200253I  4500
001 000000115-5
005 20020606090541.3
008 780413s1920    mau           001 0 eng  
010   $a   20005401 
035 0 $aocm03801016
040   $aDLC$cDVP$dFLL
050 0 $aZ697.L12$bH8
100 1 $aHubbard, Henry Vincent,$d1875-1947.
245 10$aLandscape architecture ;$ba comprehensive classification scheme for books, plans, photographs, notes and other collected material, with combined alphabetic topic index and list of subject headings,$cby Henry Vincent Hubbard ... and Theodora Kimball ...
260   $aCambridge,$bHarvard University Press,$c1920.
300   $a132 p.$c26 cm.
500   $aThis classification is planned defintely to interlock with the City planning classification by James Sturgis Pray and Theodora Kimball already published. cf. Pref.
650  0$aClassification$xBooks$xLandscape gardening.
650  0$aSubject headings$xLandscape gardening.
700 1 $aHubbard,$cMrs. Theodora (Kimball),$d1887-1935,$ejoint author.
700 1 $aHubbard,$cMrs. Theodora (Kimball),$d1887-1935,$eauthor.
776 08$iOnline version:$aHubbard, Henry Vincent, 1875-1947.$tLandscape architecture.$dCambridge, Harvard University Press, 1920$w(OCoLC)614548904
988   $a20020608
906   $0DLC

