LEADER 00717cam a22002531  4500
001 000000116-3
005 20050319133757.0
008 710426s1967    enkab    b    000 0 eng  
010   $a   68088007 //r92
015   $aB67-25465
035 0 $aocm00459410
040   $aDLC$cDLC$dm.c.$dDDO
043   $ae-uk-en
050 00$aSB484.G7$bP7
082 00$a712/.5
100 1 $aPrince, Hugh C.
245 10$aParks in England /$cby Hugh Prince.
260   $aShalfleet Manor, Isle of Wight :$bPinhorns,$cc1967.
300   $aviii, 56 p. : ill., maps ;$c21 cm.
490 0 $aPinhorns handbooks ;$v2
504   $aIncludes bibliographical references.
650  0$aParks$zEngland$xGuidebooks.
988   $a20020608
906   $0DLC

