LEADER 00959nam a22002417u 4500
001 000000117-1
005 20081125102600.0
008 830203|1920    |||||||  |||| |0||||eng|d
035 0 $aocm01285105
043   $af-ua---
050  4$aDT60$b.N4
100 1 $aDavies, Norman de Garis,$d1865-1941.
245 14$aThe Egyptian expedition 1918-1920 /$cthe Metropolitan Museum of Art.
260 0 $aNew York, N.Y. :$bThe Museum,$c1920.
300   $a40 p., 8 leaves of plates :$bill. ;$c25 cm.
440  4$aThe Bulletin of the Metropolitan Museum of Art ;$vpart 2
500   $aIncludes the Egyptian expedition of 1923-1924.
650  0$aExcavations (Archaeology)$zEgypt.
651  0$aEgypt$xAntiquities.
710 2 $aMetropolitan Museum of Art (New York, N.Y.)
776 08$iOnline version:$aMetropolitan Museum of Art (New York, N.Y.)$tEgyptian expedition, 1918-1920.$dNew York, Metropolitan Museum of Art, 1920$w(OCoLC)894770646
988   $a20020608
906   $0MH

