LEADER 00600nam a22001697u 4500
001 000000118-X
005 20020606090541.3
008 821202|1926    |||||||  |||| |0||||eng|d
035 0 $aocm79187808
245 04$aThe Metropolitan Museum of Art :$bthe southern extension of the building, wing K.
260 0 $aNew York, N.Y. :$bThe Museum,$c1926.
300   $a32 p. , [4] leaves of plates :$ccol. ill., plan ;$c25 cm.
440  4$aThe Bulletin of the Metropolitan Museum of Art ;$vPart 2
610 20$aMetropolitan Museum of Art (New York, N.Y.).
650  0$aMuseum architecture.
988   $a20020608
906   $0MH

