LEADER 00410nam a22001577u 4500
001 000000119-8
005 20020606090541.3
008 821202|1936    |||||||  |||| |0||||eng|d
035 0 $aocm81467253
245 00$aGarden details (esthetic and practical) of Italian villas.
260 0 $a[S.l. :$bs.n.,$c1936?]
300   $a[4] p. ;$c28 cm.
500   $aTypscript.
650  0$aGardens$zItaly.
988   $a20020608
906   $0MH

