LEADER 00604nam a22001817u 4500
001 000000120-1
005 20020606090541.3
008 821202|1945    |||||||  |||| |0||||eng|d
035 0 $aocm82736753
100 1 $aBaird, Thomas J.
245 10$aThere is a modern way to look at gardening /$cThomas J. Baird.
260 0 $a[New York, N.Y. :$bAmerican Home Pub. Co.,$c1945]
300   $a1 folded sheet (3 p.) :$bill. ;$c28 cm.
500   $aReprinted from the American Home, January 1945.
500   $aCover title: The most exciting garden story you ever read!
650  0$aGardening.
988   $a20020608
906   $0MH

