LEADER 00429nam a22001577u 4500
001 000000121-X
005 20020606090541.3
008 821202|1923    |||||||  |||| |0||||eng|d
035 0 $aocm84215512
100 1 $aTamura, Tsuyoshi.
245 10$aLandscape gardening in Japan /$cby Dr. T. Tamara.
260 0 $a[S.l. :$bs.n.,$c1923?]
300   $a[11] p. :$bill. ;$c23 cm.
650  0$aLandscape gardening$zJapan.
988   $a20020608
906   $0MH

