LEADER 00632nam a22001697u 4500
001 000000122-8
005 20020606090541.3
008 821202|1940    |||||||  |||| |0||||eng|d
035 0 $aocm39398259
100 1 $aClelland, Marjorie Bolton,$d1912-
245 10$aClassification scheme for a garden center library of books on horticulture and its many related subjects /$cby Mrs. Marjorie Bolton Clelland.
260 0 $aCleveland, Ohio :$bThe Garden Center of Greater Cleveland,$cc1940.
300   $a15 p. ;$c28 cm.
650  0$aClassification$xBooks$xHorticulture.
710 2 $aGarden Center of Greater Cleveland.
988   $a20020608
906   $0MH

