LEADER 00601nam a22001817u 4500
001 000000123-6
005 20090721154722.0
008 821202|1951    |||||||  |||| |0||||eng|d
035 0 $aocm81498701
100 1 $aManks, Dorothy St. John,$d1896-
245 10$aMassachusetts Horticultural Society library :$ba classification scheme for horticulture /$cby Dorothy S. Manks.
260 0 $aBoston, Mass. :$bThe Society,$c1951.
300   $a[37] p. ;$c28 cm.
500   $aTypescript.
650  0$aClassification$xBooks$xHorticulture.
710 2 $aMassachusetts Horticultural Society.
988   $a20020608
906   $0MH

