LEADER 00768nam a22002177u 4500
001 000000124-4
005 20020606090541.3
008 821202|1972    |||||||  |||| |0||||eng|d
035 0 $aocm78531130
245 00$aOlmsted lectures.
260 0 $a[Cambridge, Mass. :$bHarvard University, Dept. of Architecture],$c1972.
300   $a[2] p. :$bports. ;$c28 cm.
500   $aInvitation to Landscape Architecture Department lecture series; Schein, Kilbridge and Wiseman lecturers.
500   $aOn cover: Schein, Kilbridge, Wiseman.
610 20$aOlmsted Lectures.
700 1 $aSchein, Edgar H.
700 1 $aKilbridge, Maurice D.,$d1920-
700 1 $aWiseman, Frederick.
710 2 $aHarvard University.$bDepartment of Landscape Architecture.
988   $a20020608
906   $0MH

