LEADER 00494nam a22001697u 4500
001 000000125-2
005 20020606090541.3
008 821202|1929    |||||||  |||| |0||||eng|d
035 0 $aocm79965420
245 04$aThe Boston Herald book of gardens /$cby Wm. J. Hanlon.
260 0 $aBoston, Mass. :$bBoston Herald,$c1929.
300   $a24 p. :$bill. ;$c28 cm.
500   $aCollection of essays edited by Wm. J. Hanlon.
650  0$aGardening.
700 1 $aHanlon, William J.
988   $a20020608
906   $0MH

