LEADER 00607nam a22001817u 4500
001 000000126-0
005 20020606090541.3
008 821202|1904    |||||||  |||| |0||||eng|d
035 0 $aocm82576975
245 00$aAddress by President Charles Eliot of Harvard University :$bbefore the Topiarian Club, Wednesday evening, March 23, 1904.
260 0 $aCambridge, Mass. :$bHarvard University,$c1904.
300   $a16 p. ;$c28 cm.
500   $aTypescript.
650  0$aLandscape architecture.
700 1 $aEliot, Charles William,$d1834-1926.
710 2 $aTopiarian Club (Cambridge, Mass.)
988   $a20020608
906   $0MH

