LEADER 00509nam a22001697u 4500
001 000000127-9
005 20090409101748.0
008 821202m19001934|||||||  |||| |0||||eng|d
035 0 $aocn424456161
100 1 $aOlmsted, Frederick Law,$d1822-1903.
245 10$aLandscape gardening /$cFrederick Law Olmsted.
260   $a[S.l. :$bs.n.,$c[1900-34]
300   $a[14] p. ;$c28 cm.
500   $aTypescript copied from Johnson's encyclopedia, 1890 edition.
650  0$aLandscape gardening.
988   $a20020608
906   $0MH

