LEADER 00610nam a22001697u 4500
001 000000128-7
005 20020606090541.3
008 821202|1893    |||||||  |||| |0||||eng|d
035 0 $aocm82905423
100 1 $aManning, Warren H.$q(Warren Henry),$d1860-1938.
245 10$aLandscape gardening :$ba paper read before the Massachusetts Horticultural Society January 21, 1883 /$cby Warren H. Manning.
260 0 $aBoston, Mass. :$bThe Society,$c1893.
300   $a16 p. ;$c24 cm.
500   $aFrom: Transactions of the Massachusetts Horticultural Society.
650  0$aLandscape gardening.
988   $a20020608
906   $0MH

