LEADER 00554nam a22001817u 4500
001 000000129-5
005 20020606090541.3
008 821202|1929    |||||||  |||| |0||||eng|d
035 0 $aocm80169686
100 1 $aSears, William R.
245 10$aLandscape design /$cWilliam R. Sears.
260 0 $a[Cambridge, Mass. :$bThe Cambridge School Bulletin],$c1929.
300   $a[5] p. ;$c28 cm.
500   $aTypescript.
500   $aCopied from The Cambridge School Bulletin v.1, no.2 (January, 1929).
650  0$aLandscape architecture.
988   $a20020608
906   $0MH

