LEADER 00721nam a22001937u 4500
001 000000130-9
005 20020606090541.3
008 821202|1929    |||||||  |||| |0||||eng|d
035 0 $aocm81053464
245 00$aHistoric gardens of China :$btheir influence on the English landscape school of today /$cby Louise S. Hubbard.
260 0 $aBoston, Mass. :$bWomen's Municipal League,$c1929.
300   $a[1] p. :$bill. ;$c20 cm.
500   $aAnnouncement of lecture given March 14, 1929 at John Hancock Auditorium.
500   $aAnnouncement includes application to attend.
650  0$aGardens$zChina$xHistory.
700 1 $aHubbard, Louise S.
710 2 $aWomen's Municipal League (Boston, Mass.)
988   $a20020608
906   $0MH

