LEADER 00527nam a2200181K  4500
001 000000131-7
005 20020606090541.3
008 931206s1912    mnu           000 0 eng d
035 0 $aocm84215517
040   $aFLL$cFLL
100 1 $aWyman, Phelps.
245 10$aLandscape architecture.$bIt's application to civic and semi-public problems.
260   $aMinneapolis,$bPhelps Wyman.$c1912.
300   $a24 p.$bphotos, plans.
650  0$aLandscape architecture.
690  9$aLandscape architecture.$5des
988   $a20020608
906   $0MH

