LEADER 00617nam a22001697u 4500
001 000000132-5
005 20020606090541.3
008 821202|1954    |||||||  |||| |0||||eng|d
035 0 $aocm82052800
100 1 $aIsaacs, Reginald R.,$d1911-
245 10$aLandscape architecture in practice and education :$bdiscussion for the American Society of Landscape Architects' annual meeting, June 28, 1954 /$cReginald R. Isaacs.
260 0 $a[Cambridge, Mass. :$bReginald R. Isaacs],$c1954.
300   $a[11] p. ;$c28 cm.
500   $aTypescript.
650  0$aLandscape architecture$xStudy and teaching.
988   $a20020608
906   $0MH

