LEADER 00547nam a22001577u 4500
001 000000133-3
005 20020606090541.3
008 821202|1962    |||||||  |||| |0||||eng|d
035 0 $aocm83349270
245 00$aLaw governing the practice of landscape architects in Georgia /$cissued by Georgia Board of Landscape Architects.
260 0 $a[Atlanta, Ga. :$bThe Board,$c1962?]
300   $a9 p. ;$c22 cm.
650  0$aLandscape architects$xLegal status, laws, etc.$zGeorgia.
710 1 $aGeorgia.$bBoard of Landscape Architects.
988   $a20020608
906   $0MH

