LEADER 00549nam a22001697u 4500
001 000000134-1
005 20020606090541.3
008 821202|1893    |||||||  |||| |0||||eng|d
035 0 $aocm77872251
100 1 $aManning, Warren H.$q(Warren Henry),$d1860-1938.
245 10$aPurpose and practice of landscape architecture.
260 0 $a[Brookline, Mass. :$bW.H. Manning,$c1893?]
300   $a6 p. ;$c23 cm.
500   $aOffprint from: Transactions of Indiana Horticultural Society for 1893.
650  0$aLandscape architecture.
988   $a20020608
906   $0MH

