LEADER 00490nam a22001577u 4500
001 000000137-6
005 20020606090541.3
008 821202|1943    |||||||  |||| |0||||eng|d
035 0 $aocm81856720
245 00$aKodachrome library :$bsocial studies section catalog /$cSociety for Visual Education, Inc.
260 0 $aChicago, Ill. :The Society,$c[1943?]
300   $a72 p. ;$c23 cm.
650  0$aSlides (Photography)$xCatalogs.
710 2 $aSociety for Visual Education.
988   $a20020608
906   $0MH

