LEADER 00477nam a22001577u 4500
001 000000138-4
005 20090409101640.0
008 821202m19001925|||||||  |||| |0||||eng|d
035 0 $aocn424456162
245 10$aL.N.W.R. list of lantern slides.
260 0 $a[London, England :$bLondon and North-Western Railway,$c19--?]
300   $a52 p. ;$c21 cm.
650  0$aSlides (Photography)$zGreat Britain$xCatalogs.
710 2 $aLondon and North-Western Railway.
988   $a20020608
906   $0MH

