LEADER 00809nam a22002177u 4500
001 000000139-2
005 20020606090541.3
008 821202|1956    |||||||  |||| |0||||eng|d
035 0 $aocm82234013
245 00$aUniversity of New Zealand, Auckland University College School of Architecture Library :$breport on slides collection, 1953-1956.
260 0 $a[New Zealand :$bThe University],$c1956.
300   $a5 p., 1 leaf of plates :$bill. ;$c26 cm.
490 0 $aBulletin for the year ;$v1956 (Supplement no. 1)
500   $aTypescript.
500   $aReport signed by G. Lilian Cumming.
650  0$aSlides (Photography)$zNew Zealand.
650  0$aLibraries$zNew Zealand.
700 1 $aCumming, G. Lilian.
710 2 $aUniversity of Auckland.$bSchool of Architecture.$bLibrary.
988   $a20020608
906   $0MH

