LEADER 00471nam a22001697u 4500
001 000000140-6
005 20020606090541.3
008 821202|1975    |||||||  |||| |0||||eng|d
035 0 $aocm80251005
245 00$aLandslides :$bspring 75.
260 0 $a[Cambridge, Mass.] :$bAlex S. MacLean,$cc1975.
300   $a16 p. ;$c28 x 22 cm.
500   $aCatalog includes order form.
650  0$aSlides (Photography)$xCatalogs.
700 1 $aMacLean, Alex S.
988   $a20020608
906   $0MH

