LEADER 00563nam a22001817u 4500
001 000000141-4
005 20020606090541.3
008 821202|1945    |||||||  |||| |0||||por|d
035 0 $aocm81856960
100 1 $aStrang, Harold Edgard.
245 13$aDa classificacão dos parques e jardins /$cagrônomo Harold Edgard Strang.
260 0 $a[Brasil :$bJornal do Brasil],$c1945.
300   $a68 [i.e. 5] p. ;$c23 cm.
490 0 $aSeperatada revista de agronomia ;$vv4, no. 4
650  0$aParks$xTerminology.
650  0$aGardens$xTerminology.
988   $a20020608
906   $0MH

