LEADER 00608nam a2200193K  4500
001 000000142-2
005 20140204155659.0
008 931207s1945    mau           000 0 eng d
035 0 $aocm78425971
040   $aFLL$cFLL
100 1 $aZach, Leon.
245 10$aWhat the prospective home owner should know about landscape architecture.
260   $aBoston, Mass.,$bAmerican Society of Landscape Architects.$c[1945]
300   $a4 p.
650  0$aLandscape architecture.
690  9$aLandscape architecture$xDefinition.$5des
690  9$aLandscape architecture$xProf. practice.$5des
988   $a20020608
906   $0MH

