LEADER 00993nam a22002297u 4500
001 000000143-0
005 20020606090541.3
008 821202|1949    |||||||  |||| |0||||eng|d
035 0 $aocm81629910
245 04$aThe Canadian Society of Landscape Architects and Town Planners brief :$bpresented to The Royal Commission on National Development in the Arts, Letters and Sciences at Montreal, November 1949.
260 0 $a[Ottawa, Ont.] :$bThe Society,$c1949.
300   $a12 p. ;$c28 cm.
500   $aTypescript.
500   $aBrief submitted by Edward I. Wood, President and Douglas L. McDonald, Secretary.
610 20$aCanadian Society of Landscape Architects and Town Planners.
650  0$aLandscape architecture$zCanada.
700 1 $aWood, Edward I.
700 1 $aMcDonald, Douglas L.
710 1 $aCanada.$bRoyal Commission on National Development in the Arts, Letters and Sciences.
710 2 $aCanadian Society of Landscape Architects and Town Planners.
988   $a20020608
906   $0MH

