LEADER 00707cam a2200193Ii 4500
001 000000144-9
005 20020606090541.3
008 791219s1953    dcu           000 0 eng d
035 0 $aocm05812386
040   $aKSU$cKSU$dFLL
090   $aHF5549.5.J6$bJ6x
110 2 $aJoint Committee of the Design Professions.$bExecutive Committee.
245 10$aDivision of responsibility among the design professions :$ba guide for collaboration /$cprepared by the Executive Committee of the Joint Committee of the Design Professions.
260   $aWashington, D. C. :$bOffice of the Committee,$c1953.
300   $a11 p. ;$c28 cm.
650  0$aJob descriptions.
650  0$aPublic housing.
988   $a20020608
906   $0OCLC

