LEADER 00799nam a22002057u 4500
001 000000145-7
005 20020606090541.3
008 821202|1941    |||||||  |||| |0||||eng|d
035 0 $aocm82617136
100 1 $aBareither, Marvin J. W.
245 10$aOpportunities for landscape architects :$ba tudy of qualifications, duties, salaries and number of opportunities /$cby Marvin J. W. Bareither and James A. Maschmeyer.
260 0 $aUrbana, Ill. :$bM.J.W. Bareither and J.A. Maschmeyer,$c1941.
300   $a20 p. ;$c28 cm.
500   $aTypescript.
500   $aPrepared for Jack Manning, Instructor of Business Letter Writing.
650  0$aLandscape architecture$xVocational guidance.
700 1 $aMaschmeyer, James A.
700 1 $aManning, J. H.$q(Jack Harwood),$d1919-
988   $a20020608
906   $0MH

