LEADER 00530nam a22001697u 4500
001 000000146-5
005 20020606090541.3
008 821202|1911    |||||||  |||| |0||||eng|d
035 0 $aocm82788351
245 00$aVocations for Boston boys :$bthe landscape architect /$cThe Vocation Bureau of Boston.
260 0 $aBoston, Mass. :$bThe Bureau,$cc1911.
300   $a10 p. ;$c21 cm.
490 0 $aBulletin ;$vno. 6
650  0$aLandscape architecture$xVocational guidance.
710 2 $aVocation Bureau of Boston.
988   $a20020608
906   $0MH

