LEADER 00688nam a22001817u 4500
001 000000147-3
005 20020606090541.3
008 821202|1963    |||||||  |||| |0||||eng|d
035 0 $aocn188263028
245 00$aIndex of Federal agencies having land planning functions or related responsibilities /$cprepared by the American Society of Landscape Architects.
260 0 $aWahington, D.C. :$bThe Society,$c1963.
300   $a73 p. ;$c28 cm.
650  0$aFederal government$xInformation services.
650  0$aLandscape architecture$xVocational guidance.
650  0$aLand use$xPlanning$xVocational guidance.
710 2 $aAmerican Society of Landscape Architects.
988   $a20020608
906   $0MH

