LEADER 00769nam a22002177u 4500
001 000000148-1
005 20020606090541.3
008 821202|1966    |||||||  |||| |0||||eng|d
035 0 $aocm21086817
043   $an-us---
050  4$aSB476$b.N46 1966
245 04$aThe New legislation :$ba challenge to landscape architects /$ca publication of The American Society of Landscape Architects.
260 0 $a[Washington, D.C.? :$bThe Society,$c1966]
300   $a58 p. ;$c28 cm.
504   $aIncludes bibliographical references.
650  0$aLandscape architecture$xLaw and legislation.
650  0$aGrants-in-aid.
650  0$aLandscape architecture$xGovernment policy$zUnited States.
710 2 $aAmerican Society of Landscape Architects.
988   $a20020608
906   $0MH

