LEADER 00632nam a22001817u 4500
001 000000149-X
005 20020606090541.3
008 821202|1963    |||||||  |||| |0||||eng|d
035 0 $aocm21882183
035 0 $aocm81467254
245 02$aA Report on the profession of landscape architecture :$ba summary report /$cof the ASLA committee on the profession.
260 0 $a[Washington, D.C. :$bThe Society],$c1963.
300   $a28 p. ;$c28 cm.
610 20$aAmerican Society of Landscape Architects.
650  0$aLandscape architecture$xVocational guidance.
710 2 $aAmerican Society of Landscape Architects.
988   $a20020608
906   $0MH

