LEADER 00725nam a22001817u 4500
001 000000150-3
005 20020606090541.3
008 821202|1971    |||||||  |||| |0||||eng|d
035 0 $aocm08249314
035 0 $aocn188263058
245 00$aLandscape architecture :$bthe analysis, planning and design of man's environment.
260 0 $a[Washington, D.C. :$bAmerican Society of Landscape Architects,$c1971]
300   $a16 p. :$bmaps ;$c25 x 22 cm.
500   $aBrochure prepared by the Career Guidance Committee of the American Society of Landscape Architects.
650  0$aLandscape architecture$xVocational guidance.
710 2 $aAmerican Society of Landscape Architects.$bCareer Guidance Committee.
988   $a20020608
906   $0MH

