LEADER 00442nam a22001577u 4500
001 000000151-1
005 20020606090541.3
008 821202|1951    |||||||  |||| |0||||eng|d
035 0 $aocm84256709
245 00$aSwimming pool manual /$cKoven.
260 0 $aJersey City, N.J. :$bKoven Steel Swimming Pools, Inc.,$cc1951.
300   $a11 p. :$bcol. ill. ;$c28 cm.
650  0$aSwimming pools.
710 2 $aKoven Steel Pools.
988   $a20020608
906   $0MH

