LEADER 00618nam a22001937u 4500
001 000000152-X
005 20020606090541.3
008 821202|1967    |||||||  |||| |0||||eng|d
035 0 $aocm80870272
245 00$aMaryland house and garden pilgrimage.
260 0 $a[Baltimore, Md. :$bMaryland House and Garden Pilgrimage Headquarters],$c1967.
300   $a74 p. :$bill., maps ;$c23 cm.
500   $aHousetours; April 27 through May 7, 1967.
500   $aWater cruises; May 13 and 14, 1967.
650  0$aGardens$zMaryland.
650  0$aHistoric sites$zMaryland.
651  0$aMaryland$xTours.
988   $a20020608
906   $0MH

