LEADER 00718nam a22001937u 4500
001 000000153-8
005 20020606090541.3
008 821202|1927    |||||||  |||| |0||||eng|d
035 0 $aocm82323082
245 00$aExtension service handbook on agriculture and home economics /$ccompiled and edited by T. Weed Harvey.
260 0 $aWashington, D.C. :$bUnited States Department of Agriculture,$c1927.
300   $a953 p. :$bcharts, maps ;$c18 cm.
504   $aBibliographies.
650  0$aAgriculture$xHandbooks, manuals, etc.
650  0$aHome economics extension work$xHandbooks, manuals, etc.
700 1 $aHarvey, Thurlow Weed,$d1888-
710 1 $aUnited States.$bDepartment of Agriculture.
988   $a20020608
906   $0MH

