LEADER 00560nam a22001817u 4500
001 000000154-6
005 20020606090541.3
008 821202|1915    |||||||  |||| |0||||eng|d
035 0 $aocm81265835
100 1 $aProst, J. H.
245 10$aGardens /$cby J.H. Prost.
260 0 $aChicago, [Ill.] :$bCity of Chicago, Special Park Commission,$c1915.
300   $a[7] p. :$bill. ;$c23 cm.
490 0 $aSpecial Park Commission pamphlet ;$vno. 7
650  0$aGardens$zIllinois$zChicago.
710 1 $aChicago (Ill.).$bSpecial Park Commission.
988   $a20020608
906   $0MH

