LEADER 00645nam a22001817u 4500
001 000000155-4
005 20050802122505.0
008 821202|1904    |||||||  |||| |0||||eng|d
035 0 $aocm04762464
100 1 $aCorbett, L. C.$q(Lee Cleveland),$d1867-1940.
245 10$aBeautifying the home grounds /$cby L.C. Corbett.
260 0 $aWashington, [D.C.] :$bGovernment Printing Office,$c1904.
300   $a24 p. :$bill. ;$c24 cm.
490 1 $aU.S. Department of Agriculture farmers' bulletin ;$vno. 185
650  0$aLandscape gardening.
830  0$aFarmers' bulletin (United States. Department of Agriculture) ;$vno. 185.
988   $a20020608
906   $0MH

