LEADER 00621nam a22001817u 4500
001 000000156-2
005 20070504163822.0
008 821202|1929    |||||||  |||| |0||||eng|d
035 0 $aocn188263090
100 1 $aKennedy, Wellington.
245 10$aLandscape gardening in home beautification /$cby Wellington Kennedy.
260 0 $a[State College?], Miss. :$bA. & M. College,$c1929.
300   $a41 p. :$bill. ;$c24 cm.
490 0 $aMississippi Agricultural Experiment Station bulletin :$v267
650  0$aLandscape gardening.
710 2 $aMississippi Agricultural and Forestry Experiment Station.
988   $a20020608
906   $0MH

