LEADER 00553nam a2200181Ia 4500
001 000000157-0
005 20020606090541.3
008 850429s1916    txuae        s000 0 eng d
035 0 $aocm11976956
040   $aTXG$cTXG$dFLL
100 1 $aEllis, Mary Heard.
245 14$aThe beautification of home grounds /$cby Mary Heard Ellis.
260   $aAustin, Tex. :$bUniversity of Texas,$c1916.
300   $a29 p. :$bill., 1 plan ;$c23 cm.
440  0$aBulletin of the University of Texas ;$vno. 17
650  0$aLandscape gardening.
988   $a20020608
906   $0OCLC

