LEADER 00629nam a22001817u 4500
001 000000158-9
005 20020606090541.3
008 821202|1914    |||||||  |||| |0||||eng|d
035 0 $aocm78949928
245 00$aWhat, where, when and how to plant fruit and ornamental trees...
250   $aRev. 2nd ed.
260 0 $aTippecanoe City, Ohio :$bE.E. Bohlender,$cc1914.
300   $a35 p. :$bill. ;$c23 cm.
500   $aCompliments of the Commission for Beautifying the City of Norfolk, Virginia.
650  0$aGardening.
710 2 $aNorfolk (Va.).$bCommission for Beautifying the City of Norfolk, Virginia.
988   $a20020608
906   $0MH

