LEADER 00748nam a22001817u 4500
001 000000159-7
005 20020606090541.3
008 821202|1905    |||||||  |||| |0||||eng|d
035 0 $aocm80274349
245 00$aNature, the factory and the home :$ba brief account of a welfare movement with some remarks on the art of landscape gardening, with many illustrations.
260 0 $aDayton, Ohio :$bNational Cash Register Company,$c1905.
300   $a[35] p. :$bcol. ill. ;$c24 cm.
500   $aWritten, designed and printed by the Publication Department of the National Cash Register Company.
650  0$aLandscape architecture$zOhio$zDayton.
650  0$aFactories$zOhio$zDayton.
710 2 $aNational Cash Register Company.
988   $a20020608
906   $0MH

