LEADER 00745nam a22001937u 4500
001 000000160-0
005 20020606090541.3
008 821202|1904    |||||||  |||| |0||||eng|d
035 0 $aocm02832234
035 0 $aocm82853880
245 00$aNature, art and the factory :$ban account of a welfare movement, with a few remarks on the art of the landscape gardener.
260 0 $aDayton, Ohio :$bNational Cash Register Company,$c1904.
300   $a[33] p. :$bcol.ill. ;$c24 cm.
500   $aWritten, designed and printed by the Publication Department of the National Cash Register Company.
650  0$aLandscape architecture$zOhio$zDayton.
650  0$aFactories$zOhio$zDayton.
710 2 $aNational Cash Register Company.
988   $a20020608
906   $0MH

