LEADER 00625nam a22001937u 4500
001 000000161-9
005 20020606090541.3
008 821202|1899    |||||||  |||| |0||||eng|d
035 0 $aocm79156075
245 00$aN.C.R. :$boutdoor art and beautiful homes edition.
250   $a2nd ed.
260 0 $aDayton, Ohio :$bAdvance Department of the National Cash Register Company,$c1899.
300   $a[29] p. :$bcol. ill. ;$c26 cm.
500   $a"Vol. 12, special number."
650  0$aLandscape architecture$zOhio$zDayton.
650  0$aFactories$zOhio$zDayton.
710 2 $aNational Cash Register Company.
988   $a20020608
906   $0MH

