LEADER 00578nam a22001817u 4500
001 000000162-7
005 20020606090541.3
008 821202|1913    |||||||  |||| |0||||eng|d
035 0 $aocm83474497
100 1 $aHemenway, Herbert Daniel,$d1873-
245 10$aHow to beautify the home grounds /$c[H.D. Hemenway]
250   $a2nd. ed.
260 0 $a[Boston?, Mass.] :$bMassachusetts State Board of Agriculture,$c1913.
300   $a5 p. :$bill. ;$c23 cm.
490 0 $aState Board of Agriculture nature leaflet ;$vno. 46
650  0$aLandscape architecture.
988   $a20020608
906   $0MH

