LEADER 00650nam a22001697u 4500
001 000000163-5
005 20020606090541.3
008 821202|1906    |||||||  |||| |0||||eng|d
035 0 $aocm80601002
110 2 $aSociety of American Florists and Ornamental Horticulturalists.$bAnnual Convention$n(22nd :$d1906 :$cDayton, Ohio)
245 10$aTwenty-second annual convention.
260 0 $a[Dayton, Ohio :$bSociety of Florists and Ornamental Horticulturalists,$c1906]
300   $a[13] p. :$bill. ;$c18 cm.
500   $aConvention held August 21-24, 1906.
610 20$aSociety of American Florists and Ornamental Horticulturalists.
988   $a20020608
906   $0MH

