LEADER 00608nam a22001817u 4500
001 000000164-3
005 20020606090541.3
008 821202|1899    |||||||  |||| |0||||eng|d
035 0 $aocm35325751
245 04$aThe Beginning of a new era in manufacturing.
260 0 $aDayton, Ohio :$bNational Cash Register Co.,$c1899.
300   $a[54] p. :$bill., map ;$c23 cm.
500   $aCompliments of the Advance Department National Cash Register Company.
650  0$aFactories$zOhio$zDayton.
650  0$aLandscape architecture$zOhio$zDayton.
710 2 $aNational Cash Register Company.
988   $a20020608
906   $0MH

