LEADER 00580nam a22001697u 4500
001 000000165-1
005 20020606090541.3
008 821202|1917    |||||||  |||| |0||||eng|d
035 0 $aocm84181291
245 00$aAmerican made and in the making :$ba series of constructive lectures... /$cby Francis Asbury Robinson and Lawrence Earl Foglesong.
260 0 $a[Boston, Mass. :$bL.E.Foglesong,$c1917?]
300   $a1 folded sheet (3 p.) ;$c23 cm.
650  0$aLandscape architecture.
700 1 $aRobinson, Francis Asbury.
700 1 $aFoglesong, Lawrence Earl.
988   $a20020608
906   $0MH

