LEADER 00678nam a22001817u 4500
001 000000166-X
005 20020606090541.3
008 821202|1932    |||||||  |||| |0||||eng|d
035 0 $aocm81498706
110 2 $aNew York Farmers (Organization)
245 10$aProceedings of The New York Farmers.
260 0 $a[New York State :$bThe New York Farmers,$c1932]
300   $a55 p. ,[2] leaves of plates :$bill. ;$c28 cm.
500   $aThe New York Farmers met at the Metropolitan Club, New York City, December 1, 1931, January 19, 1932 and April 5, 1932.
610 20$aNew York Farmers (Organization)
650  0$aAgriculture$zNew York (State)$xSocieties, etc.
988   $a20020608
906   $0MH

