LEADER 00612nam a22001817u 4500
001 000000167-8
005 20020606090541.3
008 821202|1962    |||||||  |||| |0||||eng|d
035 0 $aocm83564696
100 1 $aCrowe, Sylvia
245 10$aCivilization and landscape /$cby Sylvia Crowe.
260 0 $aLondon [England] :$bThe Royal Society of Arts,$c1962.
300   $a11 p. :$bill. ;$c25 cm.
500   $aReprinted from the Journal of the Royal Society of Arts, Vol. 110, pp. 93-102.
650  0$aLandscape architecture$xSocial aspects.
710 2 $aRoyal Society of Arts (Great Britain)
988   $a20020608
906   $0MH

