LEADER 00607nam a22001817u 4500
001 000000168-6
005 20020606090541.3
008 821202|1963    |||||||  |||| |0||||eng|d
035 0 $aocn188263150
100 1 $aCrowe, Sylvia.
245 10$aCivilization and the landscape /$cby Sylvia Crowe.
260 0 $aWashington, [D.C.] :$bSmithsonian Institution,$c1963.
300   $a544 [i.e. 8] p., [2] leaves of plates :$bill. ;$c23 cm.
500   $aReprinted from: the Smithsonian report for 1962.
650  0$aLandscape architecture$xSocial aspects.
710 2 $aSmithsonian Institution.
988   $a20020608
906   $0MH

