LEADER 01099nam a22002297u 4500
001 000000169-4
005 20020606090541.3
008 821202|1955    |||||||  |||| |0||||eng|d
035 0 $aocm77762081
245 04$aThe Boston Society of Landscape Architects prize competition for essay writing :$bweekend sketch problem for students in the department /$cHarvard University, Graduate School of Design, Department of City Planning and Landscape Architecture.
260 0 $a[Cambridge, Mass. :$bHarvard University],$c1955.
300   $a[6] p. ;$c28 cm.
440  4$aThe Committee to Create and Preserve Green Space in Our Cities brochure ;$vno. 1
500   $aTypescript.
500   $aBSLA prize for 1954-55 awarded to August Nakagawa for his Once Upon a Sunny Afternoon.
650  0$aCity planning$xCompetitions.
700 1 $aNakagawa, August.
710 2 $aCommittee to Create and Preserve Green Space in Our Cities (U.S.).
710 2 $aHarvard University.$bDepartment of City Planning and Landscape Architecture.
710 2 $aBoston Society of Landscape Architects.
988   $a20020608
906   $0MH

