LEADER 00675nam a22001937u 4500
001 000000170-8
005 20020606090541.3
008 821202|1958    |||||||  |||| |0||||eng|d
035 0 $aocm78628618
100 1 $aSteiner, Richard L.
245 10$aRemarks by Richard L. Steiner ... :$bbefore the American Society of Landscape Architects at its fifty-ninth annual meeting, Washington, D.C. Monday, June 30, 1958, 2 pm.
260 0 $a[Washington, D.C.? :$bR.L. Steiner,],$c1958.
300   $a5 p. ;$c27 cm.
500   $aTypescript.
650  0$aLandscape architecture.
650  0$aUrban renewal.
710 2 $aAmerican Society of Landscape Architects.
988   $a20020608
906   $0MH

