LEADER 00524nam a22001577u 4500
001 000000171-6
005 20020606090541.3
008 821202|1918    |||||||  |||| |0||||eng|d
035 0 $aocm77858583
245 00$aOld New England gardens :$ban illustrated lecture /$cby Loring Underwood.
260 0 $a[Boston, Mass. :$bMassachusetts Horticultural Society?,$c1918]
300   $a1 folded sheet (3 p.) :$bcol. ill. ;$c16 cm.
650  0$aGardens$zNew England$xHistory.
700 1 $aUnderwood, Loring,$d-1930.
988   $a20020608
906   $0MH

