LEADER 00705nam a22001937u 4500
001 000000172-4
005 20020606090541.3
008 821202|1922    |||||||  |||| |0||||eng|d
035 0 $aocm84430780
100 1 $aEliot, Charles William,$d1834-1926.
245 10$aTalk to the Topiarian Club, Harvard School of Landscape Architecture, January 17, 1922 /$cby Dr. Charles William Eliot.
260 0 $a[Cambridge, Mass.? :$bHarvard School of Landscape Architecture,$c1922]
300   $a[6] p. ;$c28 cm.
500   $aTypescript.
650  0$aLandscape architecture.
710 2 $aHarvard University.$bDepartment of Landscape Architecture.
710 2 $aTopiarian Club (Cambridge, Mass.)
988   $a20020608
906   $0MH

