LEADER 00539nam a22001697u 4500
001 000000173-2
005 20020606090541.3
008 821202|1966    |||||||  |||| |0||||eng|d
035 0 $aocm81920495
245 00$aLandscape architects.
260 0 $aChicago, Ill. :$bScience Research Associates,$c1966.
300   $a[4] p. :$bill. ;$c28 cm.
490 0 $aSRA occupational briefs on America's major job fields ;$vno. 187
650  0$aLandscape architecture$xVocational guidance.
710 2 $aScience Research Associates.
988   $a20020608
906   $0MH

