LEADER 00581nam a22001697u 4500
001 000000174-0
005 20090409102813.0
008 821202nuuuuuuuu|||||||  |||| |0||||eng|d
035 0 $aocn424456163
100 1 $aManning, Warren H.$q(Warren Henry),$d1860-1938.
245 10$aSuggestions for beautifying home, village and roadway /$cby Warren H. Manning.
260 0 $a[Boston, Mass.? :$bPerry Mason Company,$c19--?]
300   $a12 p. :$bill. ;$c23 cm.
500   $aPublished with the compliments of The Youth's Companion.
650  0$aLandscape architecture.
988   $a20020608
906   $0MH

