LEADER 00507nam a22001577u 4500
001 000000175-9
005 20020606090541.3
008 821202|1916    |||||||  |||| |0||||eng|d
035 0 $aocm19842935
245 04$aThe City beautiful contest of the Rotary Club of Davenport, Iowa.
260 0 $aPhiladephia, [Pa.] :$bPrinted by The Ladies' Home Journal,$c[1916]
300   $a10 p. :$bill. ;$c24 cm.
650  0$aCivic improvement$zIowa$zDavenport.
710 2 $aRotary Club (Davenport, Iowa)
988   $a20020608
906   $0MH

