LEADER 00681nam a22001817u 4500
001 000000176-7
005 20020606090541.3
008 821202|1967    |||||||  |||| |0||||eng|d
035 0 $aocn188263186
245 00$aEnvironmental problems and action programs in the state of New York /$cNew York State Natural Beauty Commission.
260 0 $a[Albany, N.Y. :$bThe Commission,$c1967]
300   $a22 p. ;$c22 cm.
500   $aReport based on survey and analysis conducted by Barlow/Johnson, Inc.
650  0$aEnvironmental policy$zNew York (State)$xCitizen participation.
710 1 $aNew York (State).$bNatural Beauty Commission.
710 2 $aBarlow/Johnson.
988   $a20020608
906   $0MH

