LEADER 00513nam a22001697u 4500
001 000000177-5
005 20090409102149.0
008 821202q1920    |||||||  |||| |0||||eng|d
035 0 $aocn424456164
100 1 $aStrang, Elizabeth Leonard.
245 10$aLectures on landscape and gardening design /$cby Elizabeth Leonard Strang.
260 0 $a[Leominster, Mass. :$bE.L. Strang,$c1920?]
300   $a1 folded sheet (2 p.) ;$c20 cm.
650  0$aLandscape architecture.
650  0$aGardening.
988   $a20020608
906   $0MH

