LEADER 00621nam a22001817u 4500
001 000000178-3
005 20020606090541.3
008 821202|1921    |||||||  |||| |0||||eng|d
035 0 $aocm79040766
100 1 $aDudley, Frank H.
245 10$aSome suggestions for landscape designing for public and private grounds /$cby Frank H. Dudley.
260 0 $aAugusta, Maine :$bMaine Department of Agriculture,$c1921.
300   $a43 p. :$bill. ;$c23 cm.
490 0 $aBulletin of the Department of Agriculture ;$v20, no. 1
650  0$aLandscape gardening.
710 1 $aMaine.$bDepartment of Agriculture.
988   $a20020608
906   $0MH

