LEADER 00629nam a22001937u 4500
001 000000179-1
005 20020606090541.3
008 821202|1916    |||||||  |||| |0||||eng|d
035 0 $aocm83937231
100 1 $aKeyser, C. N.
245 10$aBeautifying the rural home /$cC.N. Keyser and E.G. Welch.
260 0 $aAthens, Ga. :$bGeorgia State College of Agriculture,$c1916.
300   $a[6] p. :$bill., plan ;$c23 cm.
490 0 $aExtension Division circular ;$vno. 30
650  0$aLandscape architecture.
700 1 $aWelch, E. G.
710 2 $aGeorgia State College of Agriculture.$bExtension Division.
988   $a20020608
906   $0MH

