LEADER 00657nam a22002057u 4500
001 000000180-5
005 20020606090541.3
008 821202|1932    |||||||  |||| |0||||eng|d
035 0 $aocm82385337
100 1 $aBrooks, Charlotte Pierpont.
245 10$aPlanning yard and garden /$cCharlotte Pierpont Brooks.
260 0 $aBurlington, Vt. :$bUniversity of Vermont,$c1932.
300   $a8 p. :$bill. ;$c23 cm.
490 0 $aVermont Agricultural Extension Service circular ;$vno. 55
500   $aReprinted June 1932.
650  0$aLandscape architecture.
650  0$aGardening.
710 2 $aVermont Agricultural Extension Service.
988   $a20020608
906   $0MH

