LEADER 00579nam a22001817u 4500
001 000000181-3
005 20020606090541.3
008 821202|1915    |||||||  |||| |0||||eng|d
035 0 $aocm78938149
100 1 $aFitch, C. L.
245 10$aYard and garden contests /$cby C.L. Fitch.
260 0 $aAmes, Iowa :$bIowa State College of Agriculture and Mechanic Arts,$c1915.
300   $a16 p. :$bill. ;$c23 cm.
490 0 $aExtension bulletin ;$vno.32
650  0$aGardening$xCompetitions.
710 2 $aIowa State College.$bAgricultural Extension Department.
988   $a20020608
906   $0MH

