LEADER 00890cam a2200229Ia 4500
001 000000182-1
005 20020606090541.3
008 860404s1910    ilua         s000 0 eng d
035 0 $aocm13393700
040   $aGZD$cGZD$dAGL$dFLL
072   $aU100
100 1 $aMajor, H. F.$q(Horace Fairchild)
245 10$aHow to fix up the yard :$bsome kinds of trees, shrubs and vines, and where to plant them /$cby H.F. Major.
260   $aUrbana, Ill. :$bUniversity of Illinois Agricultural Experiment Station,$c1910.
300   $a24 p. :$bill. ;$c23 cm.
490 1 $aCircular / University of Illinois (Urbana-Champaign campus). Agricultural Experiment Station ;$vno. 135
650  0$aTrees.
650  0$aShrubs.
650  0$aClimbing plants.
830  0$aCircular (University of Illinois (Urbana-Champaign campus). Agricultural Experiment Station) ;$vno. 135.
988   $a20020608
906   $0OCLC

