LEADER 00588nam a22001817u 4500
001 000000183-X
005 20020606090541.3
008 821202|1916    |||||||  |||| |0||||eng|d
035 0 $aocm39008177
100 1 $aPearse, R. J.
245 10$aHome, yard and garden contests /$cby R.J. Pearse.
260 0 $aAmes, Iowa :$bIowa State College of Agriculture and Mechanic Arts,$c1916.
300   $a15 p. :$bill. ;$c23 cm.
490 0 $aExtension bulletin ;$vno. 38
650  0$aGardening$xCompetitions.
710 2 $aIowa State College.$bAgricultural Extension Department.
988   $a20020608
906   $0MH

