LEADER 00431nam a22001577u 4500
001 000000184-8
005 20090409102233.0
008 821202q1900    |||||||  |||| |0||||eng|d
035 0 $aocn424456165
100 1 $aWeed, Howard Evarts.
245 14$aThe home beautiful /$cby Howard Evarts Weed.
260 0 $aChicago, [Ill.] :$bH.E. Weed,$c[1900?]
300   $a[8] p. ;$c16 cm.
650  0$aLandscape architecture.
988   $a20020608
906   $0MH

