LEADER 00450nam a22001577u 4500
001 000000185-6
005 20020606090541.3
008 821202|1900    |||||||  |||| |0||||eng|d
035 0 $aocm84060843
100 1 $aWeed, Howard Evarts.
245 14$aThe ornamentation of the city lot /$cHoward Evarts Weed.
260 0 $aChicago, [Ill.] :$bH.E. Weed,$c[1900?]
300   $a[8] p. :$bill. ;$c16 cm.
650  0$aLandscape architecture.
988   $a20020608
906   $0MH

