LEADER 00557nam a2200181K  4500
001 000000186-4
005 20020606090541.3
008 870404s1965    dcu          f000 0 eng d
035 0 $aocm15485069
040   $aTRN$cTRN$dFLL
090   $aSB472$b.U5
110 1 $aUnited States.$bFederal Extension Service.
245 10$aCommunity improvement through beautification.
260   $a[Washington]$bExtension Service, U.S. Dept. of Agriculture [Govt. Print. Off.,$c1965]
300   $a[5] p.$c22 cm.
650  0$aLandscape architecture.
988   $a20020608
906   $0OCLC

