LEADER 00592nam a22001697u 4500
001 000000187-2
005 20020606090541.3
008 821202|1955    |||||||  |||| |0||||eng|d
035 0 $aocn188263227
245 00$aHome and community improvement through gardening and landscaping :$ba plan for individual and group action.
260 0 $aWashington, D.C. :$bUnited States Department of Agriculture,$c1955.
300   $a5 p. ;$c23 cm.
500   $aFederal Extension Service P.A. 262.
650  0$aLandscape gardening.
710 1 $aUnited States.$bFederal Extension Service.
988   $a20020608
906   $0MH

