LEADER 00652nam a22001817u 4500
001 000000188-0
005 20020606090541.3
008 821202|1933    |||||||  |||| |0||||eng|d
035 0 $aocm81795112
110 2 $aGarden Club of America.$bBillboard and Roadside Committee.$bAnnual Meeting$d(1933 :$cChicago, Ill.)
245 10$aMinutes of the annual meeting.
260 0 $a[New York, N.Y.] :$bThe Garden Club of America,$c1933.
500   $aTypescript.
500   $aMeeting held at Drake Hotel, Chicago, Ill. June 5, 1933.
610 20$aGarden Club of America.$bBillboard and Roadside Committee.
650  0$aRoadside improvement.
988   $a20020608
906   $0MH

