LEADER 00560nam a22001697u 4500
001 000000189-9
005 20020606090541.3
008 821202|1932    |||||||  |||| |0||||eng|d
035 0 $aocm78344632
245 00$aHighway beautification /$cSociety for Protection of New Hampshire Forests.
260 0 $a[New Hampshire] :$bThe Society,$c[1932?]
300   $a[1] p. ;$c28 cm.
650  0$aRoadside improvement$zNew Hampshire.
650  0$aForests and forestry$zNew Hampshire.
710 2 $aSociety for the Protection of New Hampshire Forests.
988   $a20020608
906   $0MH

