LEADER 00612nam a22001817u 4500
001 000000190-2
005 20020606090541.3
008 821202|1931    |||||||  |||| |0||||eng|d
035 0 $aocm82794563
245 00$aHighway beautification /$cSociety for Protection of New Hampshire Forests.
260 0 $a[New Hampshire] :$bThe Society,$c[1931?]
300   $a[5] p. ;$c28 cm.
500   $aIncludes instructions for planting.
650  0$aRoadside improvement$zNew Hampshire.
650  0$aForests and forestry$zNew Hampshire.
710 2 $aSociety for the Protection of New Hampshire Forests.
988   $a20020608
906   $0MH

