LEADER 00584nam a2200193K  4500
001 000000191-0
005 20020606090541.3
008 930923n        xx            000 0 eng d
035 0 $aocm78425977
040   $aFLL$cFLL
110 2 $aSociety for the Protection of New Hampshire Forests.
245 10$aHighway reservations let us protect the roadsides.
260   $bThe Society.$c[n.d.]
300   $a[11] p.$bphotos.
650  0$aRoadside improvement$zNew Hampshire.
650  0$aForests and forestry$zNew Hampshire.
690  9$aRoadside improvement.$5des
988   $a20020608
906   $0MH

