LEADER 00599nam a22001817u 4500
001 000000192-9
005 20020606090541.3
008 821202|1931    |||||||  |||| |0||||eng|d
035 0 $aocm78759487
100 1 $aMcHatton, T. H.$q(Thomas Hubbard),$d1883-1956.
245 10$aBeautifying Georgia roads /$cT.H. McHatton.
260 0 $aAthens, Ga. :$bGeorgia State College of Agriculture,$c1931.
300   $a28 p. :$bill. ;$c23 cm.
500   $aVol. 19, no. 404.
650  0$aRoadside improvement$zGeorgia.
710 2 $aGeorgia State College of Agriculture.$bExtension Division.
988   $a20020608
906   $0MH

