LEADER 00730nam a22002057u 4500
001 000000193-7
005 20020606090541.3
008 821202|1932    |||||||  |||| |0||||eng|d
035 0 $aocm84029535
100 1 $aReynolds, Harris A.
245 14$aThe wayside trading post /$cHarris A. Reynolds.
260 0 $a[Boston, Mass.] :$bMassachusetts Forestry Association,$c[1932]
300   $a[4] p. :$bill. ;$c28 cm.
490 0 $aMassachusetts Forestry Association bulletin ;$vno. 53
500   $aIn cooperation with the New England Nurseryman's Association.
650  0$aRoadside rest areas$zMassachusetts.
710 2 $aMassachusetts Forestry Association.
710 2 $aNew England Nurseryman's Association.
988   $a20020608
906   $0MH

