LEADER 01451nam a2200265I  4500
001 000000194-5
005 20020606090541.3
008 780711s1930    dcua          000 0 eng  
010   $a   32032689 
035 0 $aocm04043391
040   $aDLC$cBAL$dBAL$dFLL
043   $an-us-nc
050 0 $aTE153$b.N3
082   $a388.109756
110 2 $aNational Council for Protection of Roadside Beauty.
245 14$aThe roadsides of North Carolina;$ba survey.
260   $aWashington, D. C.,$bPub. by the American Nature Association of Washington, D. C., for the National Council for Protection of Roadside Beauty$c[1930].
300   $a2 p. ℓ., 34, [2] p.$billus.$c23 cm.
500   $aReport of a study of the problem of roadside improvement along the highways of that state.
650  0$aRoads$zNorth Carolina.
650  0$aBill-posting.
776 08$iOnline version:$aNational Council for the Protection of Roadside Beauty (U.S.).$tRoadsides of North Carolina.$dWashington, D.C., Pub. by the American Nature Association of Washington, D.C., for the National Council for Protection of Roadside Beauty [1930]$w(OCoLC)559533311
776 08$iOnline version:$aNational Council for the Protection of Roadside Beauty (U.S.).$tRoadsides of North Carolina.$dWashington, D.C., Pub. by the American Nature Association of Washington, D.C., for the National Council for Protection of Roadside Beauty [1930]$w(OCoLC)607646159
988   $a20020608
906   $0DLC

