LEADER 00612nam a2200205K  4500
001 000000195-3
005 20020606090541.3
008 930421m19161917ohu          s000 0 eng d
035 0 $aocm80917531
040   $aFLL$cFLL
100 1 $aCruickshank, R. B.
245 10$aBeautifying the farm home.
260   $aColumbus, Ohio,$bOhio State University.$c1916-1917.
300   $a26 p.$bphotos, plans.
440  4$aThe Agricultural College Extension Service bulletin,$vv. 12:7
650  0$aLandscape gardening.
690  9$aLandscape improvement.$5des
690  9$aRural improvement.$5des
988   $a20020608
906   $0MH

