LEADER 00636nam a22001817u 4500
001 000000196-1
005 20020606090541.3
008 821202|1929    |||||||  |||| |0||||eng|d
035 0 $aocm82052804
100 1 $aKeffer, Charles A.$q(Charles Albert),$d1861-1935.
245 10$aBeautifying the home gardens /$cby Charles A. Keffer.
260 0 $aKnoxville, Tenn. :$bUniversity of Tennessee,$c1929.
300   $a15 p. :$bill. ;$c23 cm.
490 0 $aAgricultural Extension Service publication ;$v156
650  0$aLandscape gardening.
710 2 $aUniversity of Tennessee, Knoxville.$bAgricultural Extension Service.
988   $a20020608
906   $0MH

