LEADER 00607nam a22001817u 4500
001 000000197-X
005 20020606090541.3
008 821202|1927    |||||||  |||| |0||||eng|d
035 0 $aocm83702160
100 1 $aRocheford, Julia M.
245 10$aMaking the farm grounds attractive /$cJulia M. Rocheford.
260 0 $aColumbia, Mo. :$bUniversity of Missouri, College of Agriculture,$c1927.
300   $a15 p. :$bill. ;$c23 cm.
490 0 $aAgricultural Extension Service circular ;$v191
650  0$aLandscape gardening.
710 2 $aUniversity of Missouri.$bCollege of Agriculture.
988   $a20020608
906   $0MH

