LEADER 00700nam a22001817u 4500
001 000000198-8
005 20020606090541.3
008 821202|1966    |||||||  |||| |0||||eng|d
035 0 $aocn152549945
110 2 $aInstitute of Landscape Architects (Great Britain).$bSymposium$d(1966 :$cLondon, England)
245 10$aLandscape design in the countryside /$cInstitute of Landscape Architects.
260 0 $aLondon, England :$bThe Institute,$c[1966]
300   $a43 p. :$bill. ;$c22 cm.
500   $aReport of symposium held at Alexandra Palace, London, N. 22 on 28th April 1966.
650  0$aLandscape architecture.
710 2 $aInstitute of Landscape Architects (Great Britain)
988   $a20020608
906   $0MH

