LEADER 00545nam a22001577u 4500
001 000000199-6
005 20020606090541.3
008 821202|1925    |||b     |||| |0||||eng|d
035 0 $aocm79965536
245 00$aCommitte on war memorial :$breport and recommendations to the annual town meeting, Monday, March 30, 1925.
260 0 $aDedham, [Mass.] :$bThe Committee,$c1925.
300   $a[12] p. :$b2 folded maps ;$c17 cm.
650  0$aMonuments$zMassachusetts$zDedham.
710 1 $aDedham (Mass.).$bCommittee on War Memorial.
988   $a20020608
906   $0MH

