LEADER 00880cam a2200241I  4500
001 000000200-3
005 20020606090541.3
008 871117s1929    mouac         000 0 eng  
010   $a   29010702 
035 0 $aocm16992277
040   $aDLC$cKCP$dOCL$dFLL
050   $aF474.K2$bL7
110 2 $aLiberty Memorial Association (Kansas City, Mo.)
245 14$aThe Liberty Memorial in Kansas City, Missouri.
260   $a[Kansas City, Mo.]$bLiberty Memorial Association,$cc1929.
300   $a1 p. l., 5-37 p., 1 l.$billus. (incl. ports.)$c32 cm.
505 0 $aHistorical sketch of the memorial, by J.E. McPherson.--Description of the memorial, By H.V. Magonigle.
505   $aH. Van Buren Magonigle, architect.
610 10$aKansas City, Mo.$bLiberty Memorial.
700 1 $aMcPherson, J. E.
700 1 $aMagonigle, Harold Van Buren,$d1867-1935.
988   $a20020608
906   $0DLC

