LEADER 00834nam a2200217Ki 4500
001 000000201-1
005 20090712065742.0
008 890424s1965    cau          l000 0 eng d
035 0 $aocm19591811
040   $aRQE$cRQE$dFLL
100 1 $aDalton, Schuyler G.
245 00$aSources of funds for open space and park acquisition:$ba report to the Regional Planning Committee of San Mateo County /$cprepared by Schulyer G. Dalton, Rosemary Duggin and Larz Anderson.
260   $aRedwood City, Calif. :$bSan Mateo County Planning Commission,$c[1965?]
300   $a19 leaves ;$c28 cm.
650  0$aOpen spaces$zCalifornia$zSan Mateo County.
650  0$aParks$zCalifornia$zSan Mateo County.
710 2 $aSan Mateo County Planning Commission.
700 1 $aDuggin, Rosemary.
700 1 $aAnderson, Larz T.
988   $a20020608
906   $0OCLC

