LEADER 00706nam a22001817u 4500
001 000000202-X
005 20020606090541.3
008 821202|1962    |||||||  |||| |0||||eng|d
035 0 $aocm79900251
110 2 $aInstitute of Landscape Architects (Great Britain).$bScottish Group.$bConference$d(1962 :$cCambusnethan Priory, Lanarkshire)
245 12$aA national landscape policy for Scotland.
260 0 $a[Scotland? :$bInstitute of Landscape Architects],$c1962.
300   $a[7] p. ;$c24 cm.
500   $aConference was held Saturday, 16th, June, 1962.
650  0$aLandscape architecture$zScotland.
710 2 $aInstitute of Landscape Architects (Great Britain).$bScottish Group.
988   $a20020608
906   $0MH

