LEADER 00988nam a22002417u 4500
001 000000203-8
005 20020606090541.3
008 821202|1927    |||||||  |||| |0||||eng|d
035 0 $aocm79707962
035 0 $aocm79610536
111 2 $aExhibition of Sculpture and Gardens$d(1927 :$cBoston, Mass.)
245 10$aCatalogue :$bexhibition of sculpture and gardens.
260 0 $aBoston, Mass. :$b[s.n.],$c1927.
300   $a16 p. ;$c22 cm.
500   $aExhibition held at Horticultural Hall, Boston, Mass., February 15-16, 1927 by The Boston Society of Sculptors, The Boston Society of Landscape Architects and the Massachusetts State Federation of Women's Clubs.
650  0$aSculpture$xExhibitions.
650  0$aHorticultural exhibitions.
650  0$aLandscape architecture$xExhibitions.
710 2 $aBoston Society of Sculptors.
710 2 $aBoston Society of Landscape Architects.
710 2 $aGeneral Federation of Women's Clubs.$bMassachusetts.
988   $a20020608
906   $0MH

