LEADER 00672nam a2200217I  4500
001 000000204-6
005 20020606090541.3
008 791015s1936    mauae         000 0 eng  
010   $a   37038282 
035 0 $aocm05526645
040   $aDLC$cCLE$dFLL
050   $aSB472$b.P6
082   $a710.9
100 1 $aPond, Bremer W.$q(Bremer Whidden),$d1884-
245 00$aOutline history of landscape architecture,$cby Bremer W. Pond.
260   $aCambridge, Mass.,$bSchool of landscape architecture, Harvard university$c[c1936]
300   $a2 v.$billus. (incl.plans)$c19cm.
500   $aPlanographed.
650  0$aLandscape gardening$xHistory.
988   $a20020608
906   $0DLC

