LEADER 00637nam a22001937u 4500
001 000000205-4
005 20090409102314.0
008 821202q1930    |||||||  |||| |0||||eng|d
035 0 $aocn424456166
100 1 $aCornell, Ralph Dalton,$d1890-
245 10$aBeautification of local communities /$cby Ralph D. Cornell.
260 0 $aCalifornia :$bCalifornia Garden Clubs, Inc.,$c[1930?]
300   $a12 p. ;$c16 cm.
500   $aCover title: Garden club activities in community beautification.
650  0$aUrban beautification.
650  0$aGardening$xSocieties, etc.
710 2 $aCalifornia Garden Clubs, Inc.
988   $a20020608
906   $0MH

