LEADER 00576nam a2200193K  4500
001 000000206-2
005 20020606090541.3
008 930916s1964    ilu           000 0 eng d
035 0 $aocm77802217
040   $aFLL$cFLL
110 2 $aSears, Roebuck and Company.$bCommunity Planning Division.
245 14$aThe role of the garden club in community beautification.
260   $aChicago, Ill.$bThe author.$c1964.
300   $a15 p.$bsketches.
650 0 $aUrban beautification.
690  9$aGarden clubs.$5des
690  9$aLandscape improvement.$5des
988   $a20020608
906   $0MH

