LEADER 00591nam a22001817u 4500
001 000000207-0
005 20020606090541.3
008 821202|1929    |||||||  |||| |0||||eng|d
035 0 $aocn188263341
100 1 $aBrewster, Sam F.
245 10$aHome beautification /$cby Sam F. Brewster.
260 0 $aAuburn, Ala. :$bAlabama Polytechnic Institute Extension Service,$c1929.
300   $a32 p. :$bill., plans :$c28 x 19 cm.
490 0 $aExtension Service circular ;$v118
650  0$aLandscape gardening.
710 2 $aAlabama Polytechnic Institute.$bExtension Service.
988   $a20020608
906   $0MH

