LEADER 00678nam a22001937u 4500
001 000000208-9
005 20020606090541.3
008 821202|1943    |||||||  |||| |0||||eng|d
035 0 $aocm83805963
100 1 $aBurton. L. H.$q(Linus H.)
245 10$aLeader's outline, five-year program, subproject 9B - landscape architecture /$cby L. H. Burton.
260 0 $a[S.l.] :$bL. H. Burton,$c1943.
300   $a[4] p. ;$c30 cm.
500   $aIncludes subject matter outline for five-year program at Kansas State College by Linus H. Burton.
500   $aTypescript.
650  0$aLandscape architecture$xStudy and teaching.
710 2 $aKansas State College.
988   $a20020608
906   $0MH

