LEADER 01066nam a2200277Ii 4500
001 000000209-7
005 20060511164842.0
008 800802s1923    oku          s000 0 eng  
010   $a   25027050 
035 0 $aocm06579465
040   $aDLC$cECO$dFLL
043   $an-us-ok
050   $aSB477.U7$bO5
100 1 $aCraven, James H.
245 10$aHome and municipal beautification in Oklahoma,$cprepared by James H. Craven . . . and Joseph Ernest McAfee . . .
260   $aNorman,$bThe University of Oklahoma,$c1923.
300   $a[3]-38 p.$c22 cm.
440  0$aUniversity of Oklahoma bulletin,$vnew ser., no. 260
490 1 $aExtension,$vno. 76
650  0$aLandscape gardening$zOklahoma.
700 1 $aMcAfee, Joseph Ernest,$d1870-1947,$ejoint author.
700 1 $aMcAfee, Joseph Ernest,$d1870-1947,$eauthor.
776 08$iOnline version:$aCraven, James H.$tHome and municipal beautification in Oklahoma.$dNorman : University of Oklahoma, 1923$w(OCoLC)777884209
830  0$aExtension (University of Oklahoma) ;$vno. 76.
988   $a20020608
906   $0DLC

