LEADER 00719nam a2200229K  4500
001 000000210-0
005 20020606090541.3
008 930505s1925    iau          s000 0 eng d
035 0 $aocm80870275
040   $aFLL$cFLL
100 1 $aDiggs, Charles H.
245 10$aIowa landscapes of the future ...
260   $aAmes, Ia.,$bIowa State College of Agriculture and Mechanic Arts.$c[1925]
300   $a11 p.$bphotos, plans, sketches.
440  0$aExtension bulletin,$vno. 129
500   $aAug. 1925.
650  0$aLandscape architecture$zIowa.
690  9$aFarms.$5des
690  9$aLandscape Architecture$zUnited States. Iowa.$5des
690  9$aCity planning$zUnited States. Iowa.$5des
988   $a20020608
906   $0MH

