LEADER 00589nam a2200193K  4500
001 000000211-9
005 20020606090541.3
008 930706n        xx           s000 0 eng d
035 0 $aocm83880428
040   $aFLL$cFLL
110 2 $aIowa State College.$bExtension Service.
245 10$aExtension landscape work.
260   $bIowa State College of Agric. + Mech. Arts.$c[n.d.]
300   $a1 p.
500   $aDescription of work done in the college.
610 20$aIowa State College.$bExtension Service.
690  9$aLandscape improvement$xUniv. extension.$5des
988   $a20020608
906   $0MH

