LEADER 00652nam a2200205K  4500
001 000000212-7
005 20020606090541.3
008 930717n        mau           000 0 eng d
035 0 $aocm77843156
040   $aFLL$cFLL
110 2 $aMassachusetts Agricultural College.
245 10$aExtension service in landscape gardening.
260   $aAmherst, Mass.$bThe College.$c[n.d.]
300   $a4 p.
490 0 $aExtension leaflet$vno. 24
610 20$aUniversity of Massachusetts (Amherst campus).$bCooperative Extension Service.
650  0$aLandscape gardening.
690  9$aLandscape improvement$xUniversity extension.$5des
988   $a20020608
906   $0MH

