LEADER 00552nam a22001817u 4500
001 000000213-5
005 20020606090541.3
008 821202|1917    |||||||  |||| |0||||eng|d
035 0 $aocm79708118
100 1 $aPeck, Arthur L.
245 10$aLandscape gardening /$cby A. L. Peck.
260 0 $aCorvallis, Oregon :$bOregon Argricultural College, Extension Service,$c1917.
300   $a[4] p. ;$c28 cm.
500   $aTypescript.
650  0$aLandscape gardening.
710 2 $aOregon State Agricultural College.$bExtension Service.
988   $a20020608
906   $0MH

