LEADER 00559nam a22001697u 4500
001 000000214-3
005 20020606090541.3
008 821202|1935    |||||||  |||| |0||||eng|d
035 0 $aocm79908443
245 00$aLandscape your home grounds and win a medal.
260 0 $a[S.l. :$bBetter Homes and Gardens,$c1935?]
300   $a12 p. :$bill. ;$c29 cm.
501   $aWith: More Beautiful America contest. [S.l. : Better Homes & Gardens, 1935?]
650  0$aLandscape architecture$xCompetitions.
710 2 $aMore Beautiful America Contest.
988   $a20020608
906   $0MH

