LEADER 00558nam a22001697u 4500
001 000000215-1
005 20020606090541.3
008 821202|1935    |||||||  |||| |0||||eng|d
035 0 $aocm80040780
245 00$aMore beautiful America contest.
260 0 $a[S.l. :$bBetter Homes & Gardens,$c1935?]
300   $a8 p. :$bill. ;$c29 cm.
501   $aWith: Landscape your home grounds and win a medal. [S.l. : Better Homes and Gardens, 1935?]
650  0$aLandscape architecture$xCompetitions.
710 2 $aMore Beautiful America Contest.
988   $a20020608
906   $0MH

