LEADER 00611nam a22001817u 4500
001 000000216-X
005 20020606090541.3
008 821202|1932    |||||||  |||| |0||||eng|d
035 0 $aocm81553121
110 2 $aGarden Center of Greater Cleveland.
245 00$aCleveland Garden Center.
260 0 $a[Cleveland, Ohio] :$bThe Garden Club of Cleveland,$c[1932?]
300   $a2 p. ;$c16 cm.
500   $aCleveland Garden Center, located in the Fine Arts Garden, 11190 East Boulevard, Cleveland, Ohio.
610 20$aGarden Center of Greater Cleveland.
710 2 $aGarden Club of Cleveland.
988   $a20020608
906   $0MH

