LEADER 00693nam a2200229K  4500
001 000000217-8
005 20020606090541.3
008 930603n        xx            000 0 eng d
035 0 $aocm77580208
040   $aFLL$cFLL
110 2 $aGarden Club of Cleveland.
245 10$aCommunity co-operation in garden planning,$cby Mrs. Andrew Squire.
260   $bThe Club.$c[n.d.]
300   $a10 p.$bphotos.
650  0$aLandscape gardening.
650  0$aLandscape architecture.
690  9$aGarden centers.$5des
690  9$aLandscape architecture$xEducational campaigns.$5des
690  9$aMuseums$xGrounds.$5des
710 1 $aCleveland, Ohio.$bFine Arts Garden..
988   $a20020608
906   $0MH

