LEADER 00578nam a22001577u 4500
001 000000218-6
005 20020606090541.3
008 821202|1972    |||||||  |||| |0||||eng|d
035 0 $aocm80601590
245 00$aLandscape architectural extension programs /$cAmerican Society of Landscape Architects, Council on Education.
260 0 $a[S.l.] :$bAmerican Society of Landscape Architects,$c1972.
300   $a32 p. ;$c28 cm.
650  0$aLandscape architecture$xStudy and teaching.
710 2 $aAmerican Society of Landscape Architects.$bCouncil on Education.
988   $a20020608
906   $0MH

