LEADER 00427nam a22001577u 4500
001 000000219-4
005 20020606090541.3
008 821202|1923    |||||||  |||| |0||||eng|d
035 0 $aocm81605920
100 1 $aPope, Henrietta Marquis.
245 10$aLectures on gardening /$cby Henrietta Marquis Pope.
260 0 $aBoston, Mass. :$bH. M. Pope,$c[1923?]
300   $a[5] p. ;$c16 cm.
650  0$aGardening.
988   $a20020608
906   $0MH

