LEADER 00764nam a22001937u 4500
001 000000220-8
005 20040128133506.0
008 821216|1922    |||||||  |||| |0||||eng|d
035 0 $aocm84930453
100 1 $aUnderwood, Loring,$d-1930.
245 10$aHome gardens illustrated in color /$cby Loring Underwood; under the auspices of the Massachusetts Section, National Civic Federation.
260 0 $aBoston, Mass. :$bNational Civic Federation,$c1922.
300   $a1 folded sheet (2 p.) ;$c22 cm.
500   $aLecture given in Steinert Hall, Boston, Mass. on Monday, October 30, 1922, 2:30 p.m.
500   $aSheet includes names of committee members.
650  0$aGardens.
710 2 $aNational Civic Federation.$bMassachusetts Section.
988   $a20020608
906   $0MH

