LEADER 00898cam a2200241Ia 4500
001 000000221-6
005 20070313190235.0
008 870416s1914    ilua         s000 0 eng c
010   $aa  14000880 
035 0 $aocm15542424
040   $aIllinois Univ.$cTRN$dAGL$dFLL
072   $aU100
090   $aSB473$b.M652
100 1 $aMiller, Wilhelm,$d1869-
245 14$aThe "Illinois way" of beautifying the farm /$cby Wilhelm Miller.
260   $aUrbana, Ill. :$bUniversity of Illinois Agricultural Experiment Station,$c1914.
300   $a32 p. :$b110 ill. ;$c31 cm.
490 1 $aCircular / University of Illinois (Urbana-Champaign campus). Agricultural Experiment Station ;$vno. 170
500   $aCover title.
650  0$aLandscape gardening.
830  0$aCircular (University of Illinois (Urbana-Champaign campus). Agricultural Experiment Station) ;$vno. 170.
988   $a20020608
906   $0OCLC

