LEADER 00640nam a22001817u 4500
001 000000222-4
005 20020606090541.3
008 821202|1913    |||||||  |||| |0||||eng|d
035 0 $aocm82538284
100 1 $aFisher, Richard T.$q(Richard Thornton),$d1876-1934.
245 10$aSilviculture for country roadsides /$cby Richard T. Fisher.
260 0 $a[Boston, Mass.] :$bMassachusetts Forestry Association,$c[1918]
300   $a1 folded sheet (4 p.) :$bill. ;$c27 cm.
490 0 $aMassachusetts Forestry Association bulletin ;$v123
650  0$aRoadside improvement.
710 2 $aMassachusetts Forestry Association.
988   $a20020608
906   $0MH

