LEADER 00527nam a22001577u 4500
001 000000223-2
005 20090409103507.0
008 821202m19301931|||||||  |||| |0||||eng|d
035 0 $aocn424456167
245 00$aState-wide program of highway beautification for North Carolina.
260 0 $a[North Carolina :$bThe Garden Club of North Carolina,$c1930?]
300   $a25 p., [3] leaves of plates :$bill. ;$c23 cm.
650  0$aRoadside improvement$zNorth Carolina.
710 2 $aGarden Club of North Carolina.
988   $a20020608
906   $0MH

