LEADER 00692nam a22001937u 4500
001 000000224-0
005 20020606090541.3
008 821202|1931    |||||||  |||| |0||||eng|d
035 0 $aocm17865928
035 0 $aocm78398562
245 04$aThe Roadsides of California :$ba survey of existing conditions.
260 0 $a[Washington, D.C.? :$bAmerican Nature Association,$c1931?]
300   $a47 p. :$bill. ;$c23 cm.
500   $aSurvey prepared for the National Council for Protection of Roadside Beauty.
650  0$aRoadside improvement$zCalifornia.
710 2 $aAmerican Nature Association.
710 2 $aNational Council for the Protection of Roadside Beauty (U.S.)
988   $a20020608
906   $0MH

