LEADER 00713nam a22001817u 4500
001 000000225-9
005 20020606090541.3
008 821202|1931    |||||||  |||| |0||||eng|d
035 0 $aocm71264606
245 04$aThe Roadsides of Oregon :$breport of a study of the pRoblem of roadside improvement along the highways of that state.
260 0 $a[Washington, D.C. :$bAmerican Nature Association,$c1931?]
300   $a34 p. :$bill. ;$c23 cm.
500   $aReport prepared for the National Council for Protection of Roadside Beauty.
650  0$aRoadside improvement$zOregon.
710 2 $aAmerican Nature Association.
710 2 $aNational Council for the Protection of Roadside Beauty (U.S.)
988   $a20020608
906   $0MH

