LEADER 00599nam a22001697u 4500
001 000000226-7
005 20020606090541.3
008 821202|1912     ||||||  |||| |0||||eng|d
035 0 $aocn188263420
100 1 $aDeForest, Alling S.
245 14$aThe landscape architect & his client :$bmethods used in laying out a country estate, a city lot, a park or any landscape problem /$cby Alling S. DeForest.
246 3 $aLandscape architect and his client.
260 0 $a[Rochester, N.Y,] :$bA. S. DeForest,$c[1912?]
300   $a[6] p. ;$c20 cm.
650  0$aLandscape architecture.
988   $a20020608
906   $0MH

