LEADER 00528nam a2200181K  4500
001 000000227-5
005 20020606090541.3
008 880825s1900    maua          000 0 eng d
035 0 $aocm18403604
040   $aCRL$cCRL$dFLL
100 1 $aManning, Warren H.$q(Warren Henry),$d1860-1938.
245 10$aDirections for surveying and arranging home and school grounds.
260   $aBoston, Mass.,$bThe Author,$c1900.
300   $a12 p.$billus.
650  0$aLandscape architecture.
650  0$aHomesites.
988   $a20020608
906   $0OCLC

