LEADER 00511nam a2200181K  4500
001 000000228-3
005 20020606090541.3
008 930406s1931    mau           000 0 eng d
035 0 $aocm82513552
040   $aFLL$cFLL
110 2 $aBureau of University Travel.
245 14$aThe Copley landscape architecture tour.
260   $aNewton,$bThe Bureau.$c1931.
650  0$aLandscape architecture$zEurope.
651  0$aEurope$xTours.
690  9$aLandscape architecture$xStudy tours.$5des
988   $a20020608
906   $0MH

