LEADER 00526nam a22001697u 4500
001 000000229-1
005 20020606090541.3
008 821202|1914    |||||||  |||| |0||||eng|d
035 0 $aocm81053211
245 00$aCatalogue of Francis Duncan's gardencraft toys.
260 0 $aNew York, N.Y. :$bThe Gardencraft Toy Co.,$c[1914?]
300   $a[12] p. :$bill. ;$c15 x 11 cm..
500   $aIncludes typescript letter and plant illustration sample.
650  0$aToys$xCatalogs.
710 2 $aGardencraft Toy Co.
988   $a20020608
906   $0MH

