LEADER 00777nam a22002057u 4500
001 000000230-5
005 20020606090541.3
008 821202|1921    |||||||  |||| |0||||eng|d
035 0 $aocm80164973
111 2 $aHome Beautification Exposition$n(1st :$d1921 :$cBoston, Mass.)
245 14$aThe first annual Home Beautification Exposition.
260 0 $aBoston, [Mass.] :$bHome Beautification Exposition,$c1921.
300   $a100 p. :$bill., maps ;$c27 cm.
500   $aExposition held at Mechanics Building, Boston, April 16-30, 1921.
500   $aIncludes separate information on competition for a landscape plan.
611 20$aHome Beautification Exposition$n(1st :$d1921 :$cBoston, Mass.)
650  0$aDwellings.
650  0$aInterior decoration.
988   $a20020608
906   $0MH

