LEADER 00795nam a22001937u 4500
001 000000231-3
005 20020606090541.3
008 821202|1922    |||||||  |||| |0||||eng|d
035 0 $aocm78333638
110 2 $aWoman's National Farm and Garden Association.$bAnnual Exhibition$n(2nd :$d1922 :$cChicago, Ill.)
245 14$aThe Women's National Farm and Garden Association :$bexhibition of garden plans, back-yard gardens, sun-dials and garden sculpture.
260 0 $aChicago, Ill. :$bThe Association,$c1922.
300   $a12 p. :$bill., maps ;$c24 cm.
500   $aIncludes separate program.
500   $aExhibition held at The Art Institute of Chicago, March 12 to April 9.
650  0$aLandscape gardening.
710 2 $aWoman's National Farm and Garden Association.
988   $a20020608
906   $0MH

