LEADER 00534nam a22001457u 4500
001 000000232-1
005 20090409102922.0
008 821202uuuuuuuuu|||||||  |||| |0||||eng|d
245 00$aLandscape gardening, an attractive outdoor profession :$bhow it is taught at Massachusetts Agricultural College.
260 0 $a[Amherst, Mass.? :$bMassachusetts Agricultural College?,$c19--?]
300   $a7 p. :$bill. ;$c15 cm.
650  0$aLandscape gardening$xStudy and teaching.
710 2 $aMassachusetts Agricultural College.
988   $a20020608
906   $0MH

