LEADER 00656nam a22001697u 4500
001 000000233-X
005 20020606090541.3
008 821202|1913     ||||||  |||| |0||||eng|d
035 0 $aocn188263435
245 00$aLowthorpe School of Landscape Architecture and Horticulture for Women.
260 0 $aGroton, Mass. :$bThe School,$c[1913?]
300   $a22 p., [1] leaf of plates ;$c19 cm.
610 20$aLowthorpe School of Landscape Architecture, Gardening, and Horticulture for Women.
650  0$aLandscape architecture$xStudy and teaching.
710 2 $aLowthorpe School of Landscape Architecture, Gardening, and Horticulture for Women.
988   $a20020608
906   $0MH

