LEADER 00826nam a22001937u 4500
001 000000234-8
005 20090409103511.0
008 821202q19201925|||||||  |||| |0||||eng|d
035 0 $aocn424456168
245 00$aLowthorpe School of Landscape Architecture, Gardening and Horticulture for Women :$bGroton, Massachusetts.
260 0 $a[Groton, Mass.? :$bLowthorpe School,$c1920]
300   $a[8] p. ;$c15 cm.
500   $aCatalog includes three year course of study and fees.
610 20$aLowthorpe School of Landscape Architecture, Gardening and Horticulture for Women.
650  0$aLandscape architecture$xStudy and teaching$zMassachusetts.
650  0$aProfessional education of women$zMassachusetts.
710 2 $aLowthorpe School of Landscape Architecture, Gardening and Horticulture for Women.
988   $a20020608
906   $0MH

