LEADER 00571nam a22001577u 4500
001 000000235-6
005 20020606090541.3
008 821202|1928    |||||||  |||| |0||||eng|d
035 0 $aocm80772198
245 00$aMinimum education requirements in landscape architecture /$cOffice of the American Society of Landscape Architects.
260 0 $aBoston, Mass. :$bThe Society,$c[1928]
300   $a1 folded sheet (4 p.) ;$c28 cm.
650  0$aLandscape architecture$xStudy and teaching$zUnited States.
710 2 $aAmerican Society of Landscape Architects.
988   $a20020608
906   $0MH

