LEADER 00583nam a22001937u 4500
001 000000236-4
005 20020606090541.3
008 821216|1923    |||||||  |||| |0||||eng|d
035 0 $aocm78398570
245 00$aVanishing points.
250   $aRev. ed.
260 0 $a[Urbana, Ill. :$bS. White,$c1923]
300   $a27 p. :$bill. ;$c28 cm.
500   $aAn outline of technical procedure in landscape architecture prepared by Stanley White.
500   $aTypescript.
650  0$aLandscape architecture$xStudy and teaching.
700 1 $aWhite, Stanley,$d1891-
988   $a20020608
906   $0MH

