LEADER 00593nam a22001697u 4500
001 000000237-2
005 20020606090541.3
008 821216|19201929|||||||  |||| |0||||eng|d
035 0 $aocn823011817
245 00$aLowthorpe:$ba school of landscape architecture for women.
260 0 $a[Boston, Mass. :$bWalton Advertising and Printing Company,$c192-]
300   $a[15] p. :$bill. ;$c16 cm.
500   $aLowthorpe located in Groton, Mass.
650  0$aLandscape architecture$xStudy and teaching$zMassachusetts.
650  0$aProfessional education of women$zMassachusetts.
988   $a20020608
906   $0MH

