LEADER 00633nam a22001817u 4500
001 000000238-0
005 20020606090541.3
008 821216|1920    |||||||  |||| |0||||eng|d
035 0 $aocm79339281
245 00$aNotes on the development of a professional course in landscape architecture :$bIowa State College, Ames, Iowa.
260 0 $a[Ames, Iowa :$bIowa State College,$c1920?]
300   $a8 p. ;$c28 cm.
500   $aTypescript.
500   $aIncludes a classification of subjects for landscape architecture.
650  0$aLandscape architecture$xStudy and teaching$zIowa.
710 2 $aIowa State College.
988   $a20020608
906   $0MH

