LEADER 00580nam a22001697u 4500
001 000000239-9
005 20090409103543.0
008 821216q19101919|||||||  |||| |0||||fre|d
035 0 $aocn424456169
110 2 $aÉcole Supérieure D'Art Public.$bSociété des Amis.
245 10$aSociété des Amis de L'Ecole Superieure D'Art Public.
260 0 $aParis, [France] :$bThe Société,$c[1911-19?]
300   $a1 folded sheet (4 p.) ;$c41 x 21 cm.
500   $aIncludes membership application.
610 20$aÉcole Supérieure D'Art Public.$bSociété des Amis.
988   $a20020608
906   $0MH

