LEADER 00755nam a22001817u 4500
001 000000240-2
005 20020606090541.3
008 821216|1950    |||||||  |||| |0||||eng|d
035 0 $aocm05145146
100 1 $aMooney, Ross Lawler.
245 10$aTeacher's manual on the distorted room demonstration :$bprepared primarily for teachers of advanced students in education /$cby Ross L. Mooney.
260 0 $aColumbus, Ohio :$bOhio State University,$c1950.
300   $a21 p. :$bill. ;$c28 cm.
500   $aOne of a series of manuals on the demonstrations in the Visual Demonstration Center of Ohio State University.
650  0$aVisual perception$xStudy and teaching.
710 2 $aOhio State University.$bVisual Demonstration Center.
988   $a20020608
906   $0MH

