LEADER 00722nam a22001697u 4500
001 000000241-0
005 20020606090541.3
008 821216|1951    |||||||  |||| |0||||eng|d
035 0 $aocm81060407
100 1 $aMooney, Ross Lawler.
245 10$aLecture-demonstration on perception as a transaction :$bprepared primarly for advanced students in education /$cby Ross L. Mooney.
260 0 $aColumbus, Ohio :$bOhio State University,$c1951.
500   $aOne of a series of papers and manuals relating to the demonstrations in the Visual Demonstration Center of Ohio State University.
650  0$aVisual perception$xStudy and teaching.
710 2 $aOhio State University.$bVisual Demonstration Center.
988   $a20020608
906   $0MH

