LEADER 00644nam a22001817u 4500
001 000000242-9
005 20020606090541.3
008 821216|1925    |||||||  |||| |0||||eng|d
035 0 $aocm81746217
100 1 $aDiggs, Charles H.
245 10$aThirty lectures on landscape architecture ... /$cby Charles H. Diggs.
260 0 $aLos Angeles, Calif. :$bC. H. Diggs,$c1925.
300   $a[1] p. ;$c28 cm.
500   $aTypescript syllabus of lectures given at the University of Southern California, Los Angeles.
650  0$aLandscape architecture$xOutlines, syllabi, etc.
710 2 $aUniversity of California, Los Angeles.
988   $a20020608
906   $0MH

