LEADER 00894nam a22002057u 4500
001 000000243-7
005 20020606090541.3
008 821216|1925    |||||||  |||| |0||||eng|d
035 0 $aocm78547026
111 2 $aNational Conference on Instruction in Landscape Architecture$n(6th :$d1925 :$cUniversity of Illinois)
245 10$aSixth national conference on instruction in landscape architecture.
246 3 $a6th national conference on instruction in landscape architecture.
260 0 $aUrbana, Ill. :$bUniversity of Illinois,$c1925.
300   $a1 folded sheet (4 p.) ;$c21 cm.
611 20$aNational Conference on Instruction in Landscape Architecture$n(6th :$d1925 :$cUniversity of Illinois)
650  0$aLandscape architecture$xCongresses.
650  0$aLandscape architecture$xStudy and teaching.
710 2 $aUniversity of Illinois (Urbana-Champaign campus)
988   $a20020608
906   $0MH

