LEADER 00605nam a22001697u 4500
001 000000244-5
005 20020606090541.3
008 821216|1969    |||||||  |||| |0||||eng|d
035 0 $aocm77953487
110 2 $aHubbard Educational Trust (Watertown, Mass.)
245 10$aHubbard Educational Trust, established for the purpose of fostering education in the field of landscape architecture.
260 0 $aBrookline, Mass. :$bThe Trust,$c[1969]
300   $a1 folded sheet (4 p.) ;$c19 cm.
610 20$aHubbard Educational Trust.
650  0$aLandscape architecture$xStudy and teaching.
988   $a20020608
906   $0MH

