LEADER 00618nam a2200193K  4500
001 000000245-3
005 20020606090541.3
008 930326m19461947ne            000 0 dut d
035 0 $aocm80958215
040   $aFLL$cFLL
110 2 $aBond van Ned. Tuinarchitecten.
245 10$aStudieprijsvraag B.N.T.;$bStudieprijsvraag B.N.T.
260   $a[Amsterdam],$bThe Bond.$c1946-47.
300   $a2 pamphlets bound together.
650  0$aLandscape architecture$xCompetitions$zNetherlands$zAmsterdam.
690  9$aGardens$zHolland.$5des
690  9$aLandscape architecture$xStudy and teaching.$5des
988   $a20020608
906   $0MH

