LEADER 00710nam a22001937u 4500
001 000000246-1
005 20020606090541.3
008 821216|1903    |||||||  |||| |0||||eng|d
035 0 $aocm79880923
100 1 $aLloyd, Francis Ernest,$d1868-1947.
245 10$aSyllabus of a course of six lectures e vegetation of the earth... /$cby Francis Ernest Lloyd.
260 0 $aNew York, N.Y. :$bTeachers College, Columbia University,$cc1903.
300   $a8 p. ;$c23 cm.
490 0 $aExtension syllabi. Series B ;$vno. 3
500   $aCourse offered at Columbia University, New York, N.Y.
650  0$aHorticulture$xOutlines, syllabi, etc.
710 2 $aColumbia University.$bTeachers College.
988   $a20020608
906   $0MH

