LEADER 00607nam a2200193K  4500
001 000000247-X
005 20020606090541.3
008 930320s1932    mau           000 0 eng d
035 0 $aocm80040785
040   $aFLL$cFLL
110 2 $aBoston School of Interior Decoration and Architectural Design.
245 10$aInterior decoration travel course.
260   $aBoston,$bThe School.$c[1932]
300   $a16 p.$bphotos.
650  0$aInterior decoration$xStudy and teaching.
650  0$aArchitecture$xStudy and teaching.
690  9$aLandscape architecture$xStudy and teaching.$5des
988   $a20020608
906   $0MH

