LEADER 00614nam a22001937u 4500
001 000000248-8
005 20020606090541.3
008 821216|1925    |||||||  |||| |0||||eng|d
035 0 $aocm68696131
035 0 $aocm81627382
245 00$aK.C.S.A. campus.
246 3 $aKCSA campus.
260 0 $a[Manhattan, KA. :$bKansas State Agricultural College,$c1925]
300   $a9 leaves of plates :$bill. ;$c24 cm.
490 0 $aKansas State Agricultural College bulletin ;$v9, no. 4
610 20$aKansas State Agricultural College$xPictorial works.
710 2 $aKansas State Agricultural College.
988   $a20020608
906   $0MH

