LEADER 00540nam a22001577u 4500
001 000000249-6
005 20090409103613.0
008 821216uuuuuuuuu|||||||  |||| |0||||eng|d
110 2 $aPennsylvania School of Horticulture for Women.
245 00$aPennsylvania School of Horticulture for Women, Ambler, Pa.
260 0 $aAmbler, Pa. :$bThe School,$c[19--?]
300   $a[15] p. :$bill. ;$c20 x 15 cm.
610 20$aPennsylvania School of Horticulture for Women.
650  0$aHorticulture$xStudy and teaching$zPennsylvania.
988   $a20020608
906   $0MH

