LEADER 00569nam a22001697u 4500
001 000000250-X
005 20020606090541.3
008 821216|1924    |||||||  |||| |0||||eng|d
035 0 $aocm81200726
245 00$aTraining in landscape work /$cKansas State Agricultural College.
260 0 $aManhattan, KA :$bThe College,$c1924.
300   $a[7] p. :$bill. ;$c24 cm.
490 0 $aKansas State Agricultural College bulletin ;$v8, no. 5
650  0$aLandscape architecture$xStudy and teaching$zKansas.
710 2 $aKansas State Agricultural College.
988   $a20020608
906   $0MH

