LEADER 00902nam a22002417u 4500
001 000000251-8
005 20020606090541.3
008 821216|1970    |||||||  |||| |0||||eng|d
035 0 $aocm82615676
245 00$aImplementation of plans and policies /$cSheryl Handler, Dan Orwig, Bryan Thompson, Leo Urban and Ken Paolini.
260 0 $a[Cambridge, Mass.] :$bHarvard Graduate School of Design, Department of Landscape Architecture,$c1970.
300   $a20 p. ;$c28 cm.
500   $aPhotocopy..
500   $aPrepared for: Regional-Urban Landscape Studio, Spring 1970.
610 20$aHarvard University.$bDepartment of Landscape Architecture$xStudents.
700 1 $aHandler, Sheryl.
700 1 $aOrwig, Dan.
700 1 $aThompson, Bryan.
700 1 $aUrban, Leo.
700 1 $aPaolini, Kenneth W.
710 2 $aHarvard University.$bDepartment of Landscape Architecture.
988   $a20020608
906   $0MH

