LEADER 00988nam a22002177u 4500
001 000000252-6
005 20090409103652.0
008 821216s1913    |||||||  |||| |0||||eng|d
035 0 $aocn424456170
100 1 $aHubbard, Theodora Kimball,$d1887-1935.
245 14$aThe Library of the School of Landscape Architecture at Harvard University :$bthe treatment of collections relating to landscape architecture, including city planning$ccby Theodora Kimball.
260 0 $a[New York? :$bSpecial Libraries?,$c1913]
300   $a4 p. ;$c27 cm.
500   $aProof of article for: Special libraries, Sept.-Oct. 1913, p. 165-168.
500   $aPresented at the annual convention, Special Libraries Association, Hotel Kaaterskill, N.Y., June 24-26, 1913.
610 20$aHarvard University.$bSchool of Landscape Architecture.$bLibrary.
650  0$aLandscape architecture.
650  0$aCity planning.
710 2 $aHarvard University.$bSchool of Landscape Architecture.
988   $a20020608
906   $0MH

