LEADER 00549nam a22001697u 4500
001 000000253-4
005 20020606090541.3
008 821216|1954    |||||||  |||| |0||||eng|d
035 0 $aocm83412658
100 1 $aVan Derpool, James Grote.
245 10$aAvery Memorial Library.
260 0 $aNew York, N.Y. :$bColumbia University Press,$c1954.
300   $ap. 76-84 :$bill. ;$c25 cm.
500   $aReprinted from: A History of the School of Architecture, Columbia University / by Theodor K. Rohdenburg.
610 20$aAvery Library.
988   $a20020608
906   $0MH

