LEADER 00608nam a22001577u 4500
001 000000254-2
005 20020606090541.3
008 821216|1958    |||||||  |||| |0||||eng|d
035 0 $aocm82471892
245 04$aThe Human landscape :$ba statement on research in landscape architecture /$cfirst special report of the Committee on Research, American Society of Landscape Architects.
260 0 $a[Boston, Mass.] :$bThe Society,$c[1958]
300   $a7 p. ;$c28 cm.
650  0$aLandscape architecture$xResearch.
710 2 $aAmerican Society of Landscape Architects.$bCommittee on Research.
988   $a20020608
906   $0MH

