LEADER 00785cam a2200229Ia 4500
001 000000255-0
005 20020606090541.3
008 850423s1972    dcu     a     000 0 eng d
035 0 $aocm11950181
040   $aOSU$cOSU$dm/c$dFLL
043   $an-us---
050  4$aSB469.4.U5$bR47
090   $aSB469.4.U5$bR47
245 00$aResearch in schools of landscape architecture.
260   $a[Washington, D.C.] :$bCouncil on Education, American Society of Landscape Architects,$c[1972?]
300   $a29 p. ;$c28 cm.
500   $aCover title.
650  0$aLandscape architecture$xResearch$zUnited States.
650  0$aLandscape architecture$xStudy and teaching$zUnited States.
710 2 $aAmerican Society of Landscape Architects.$bCouncil on Education.
988   $a20020608
906   $0OCLC

