LEADER 00706nam a2200217K  4500
001 000000256-9
005 20020606090541.3
008 881027s1959    mau      b    000 0 eng d
035 0 $aocm18674882
040   $aEEM$cEEM$dFLL
090   $aSB472$b.H3
100 1 $aHazlett, Thomas C.,$d1928-
245 12$aA preliminary survey of research in landscape architecture.
260   $aBoston,$bAmerican Society of Landscape Architects,$c1959.
300   $a84 p.
410 20$aAmerican Society of Landscape Architects.$bCommittee on Research.$tSpecial report,$v2
504   $aIncludes bibliography.
650  0$aLandscape gardening$xResearch.
650  0$aHorticultural research.
988   $a20020608
906   $0OCLC

