LEADER 00847nam a22002057u 4500
001 000000257-7
005 20020606090541.3
008 821216|1959    |||||||  |||| |0||||eng|d
035 0 $aocn188263531
111 2 $aRegional Survey Conference on Research in Landscape Architecture$d(1959 :$cUniversity of Georgia)
245 10$aProceedings :$bregional survey conference on research in landscape architecture /$cHubert B. Owens, ed.
260 0 $aAthens, Georgia :$b[University of Georgia],$c1959.
300   $a61 p. ;$c28 cm.
500   $aIncludes 8 p. addenda.
500   $aConference held at Division of Landscape Architecture College of Agriculture, proceedings published December 2, 1959.
650  0$aLandscape architecture$xResearch$xCongresses.
700 1 $aOwen, Hubert Bind.
710 2 $aUniversity of Georgia.
988   $a20020608
906   $0MH

