LEADER 00742nam a22001817u 4500
001 000000258-5
005 20020606090541.3
008 821216|1971    |||||||  |||| |0||||eng|d
035 0 $aocm83081525
100 1 $aRobinette, Gary O.
245 10$aPaper on landscape architecture research /$cpresented by Gary O. Robinette.
260 0 $a[Eugene, Oregon ?] :$bNational Conference of Instructors in Landscape Architecture,$c1971.
300   $a27 p. ;$c28 cm.
500   $aPaper presented at annual meeting of the National Conference of Instructors in Landscape Architecture.
650  0$aLandscape architecture$xResearch.
711 2 $aNational Conference of Instructors in Landscape Architecture$d(1971 :$cEugene, Oregon)
988   $a20020608
906   $0MH

