LEADER 00771nam a2200193K  4500
001 000000259-3
005 20020606090541.3
008 930811s1970    nyu          s000 0 eng d
035 0 $aocm80478300
040   $aFLL$cFLL
110 2 $aNew York State College of Forestry.
245 10$aReport of the first annual foreign semester program, Antigua, Guatemala - spring semester 1970.
260   $aSyracuse, N.Y.,$bState University College of Forestry at Syracuse University, School of Landscape Architecture,$c[1970]
300   $a24 p.$bdiagrs.
650  0$aLandscape architecture$xStudy and teaching$zNew York (State)$zSyracuse.
690  9$aLandscape architecture$xStudy and teaching.$5des
690  9$aLandscape architecture$xStudy tours.$5des
988   $a20020608
906   $0MH

