LEADER 00713nam a22002057u 4500
001 000000260-7
005 20020606090541.3
008 821216|1933     ||||||  |||| |0||||eng|d
035 0 $aocn188263557
245 00$aStudy cruise down the Mississippi :$bdirected by Professors P. H. Elwood and G. G. Ross of the Department of Landscape Architecture, Iowa State College.
260 0 $aAmes, Iowa :$bIowa State College,$c[1933?]
300   $a2 p. ;$c28 cm.
500   $aTypescript.
651  0$aMississippi River Valley$xTours.
650  0$aStudents$xTravel$zMississippi River Valley.
700 1 $aElwood, Philip Homer,$d1884-
700 1 $aRoss, G. G.
710 2 $aIowa State University.
988   $a20020608
906   $0MH

