LEADER 00747cam a2200217Ii 4500
001 000000261-5
005 20050801165441.0
008 791127s1948    nyua          100 0 eng d
035 0 $aocm05733123
040   $aLRU$cLRU$dm.c.$dIAY$dUMC$dFLL
045   $ax0x4
245 00$aWhat is happening to modern architecture? :$ba symposium at the Museum of Modern Art.
260   $a[New York] :$bThe Museum,$c1948.
300   $a21 p. :$bill. ;$c24 cm.
490 1 $aMuseum of Modern Art bulletin ;$vvol. 15, no. 3
500   $aCover title.
650  0$aArchitecture, Modern$y20th century$vCongresses.
710 2 $aMuseum of Modern Art (New York, N.Y.)
830  0$aBulletin of the Museum of Modern Art ;$vvol. 15, no. 3.
988   $a20020608
906   $0OCLC

