LEADER 00869nam a2200241Ia 4500
001 000000262-3
005 20020606090541.3
008 870813s1915    nju           000 0 eng d
035 0 $aocm16446859
040   $aSMI$cSMI$dFLL
090   $aSB472.32.J3$bS55 1915
100 1 $aShiota, Takeo,$d1881-
245 14$aThe miniature Japanese landscape /$ca short description by T. Shiota of New York, who designed the landscape and assembled it.
246 3 $aJapanese garden.
260   $a[Newark, N.J. :$bNewark Museum Association,$c1915]
300   $a13 p. :$bill. ;$c24 cm.
500   $aCaption title ; at head of title : The Newark Museum Association, Newark, N.J.
500   $aCover title : The Japanese landscape.
504   $aBibliography : p. 12.
650  0$aLandscape gardening$zJapan.
710 2 $aNewark Museum Association.
988   $a20020608
906   $0OCLC

