LEADER 00603nam a22001577u 4500
001 000000263-1
005 20020606090541.3
008 821216|1931    |||||||  |||| |0||||eng|d
035 0 $aocm81969901
110 2 $aUniversity of Illinois (Urbana-Champaign campus).$bCollege of Fine and Applied Arts.
245 14$aThe College of Fine and Applied Arts at the University of Illinois.
260 0 $aUrbana, Ill. :$bThe University,$c[1931?]
300   $a1 folded sheet (4 p.) :$bill. ;$c24 cm.
610 20$aUniversity of Illinois (Urbana-Champaign campus).$bCollege of Fine and Applied Arts.
988   $a20020608
906   $0MH

