LEADER 00757nam a22002057u 4500
001 000000264-X
005 20020606090541.3
008 821216|1954    |||||||  |||| |0||||eng|d
035 0 $aocn188263592
100 1 $aWhite, Stanley,$d1891-
245 13$aAn introduction to the science of the natural environment :$ban outline for a course... /$cby Stanley White.
260 0 $a[Urbana, Ill. :$bS. White],$c1954.
300   $a28 p. ;$c28 cm.
500   $aTypescript.
500   $aCourse was to be given at Harvard University, Graduate School of Design.
650  0$aLandscape architecture$xOutlines, syllabi, etc.
650  0$aLandscape architecture$xStudy and teaching.
710 2 $aHarvard University.$bGraduate School of Design.
988   $a20020608
906   $0MH

