LEADER 00599nam a2200193K  4500
001 000000265-8
005 20020606090541.3
008 930717s1933    xx           s000 0 eng d
035 0 $aocm82928963
040   $aFLL$cFLL
110 1 $aMassachusetts.$bDepartment of Education.
245 10$aHome landscaping.$b(Landscape design and planting for the small home.)
260   $bThe Dept.$c[1933]
300   $a1 p.
500   $aUniversity extension course.
650  0$aLandscape gardening$xOutlines, syllabi, etc.
690  9$aLandscape architecture$xStudy and teaching.$5des
988   $a20020608
906   $0MH

