LEADER 00703nam a22002057u 4500
001 000000266-6
005 20020606090541.3
008 821216|1925    |||||||  |||| |0||||eng|d
035 0 $aocm80354261
110 2 $aConservation School.
245 10$aConservation school :$bIowa State College, Iowa Conservation Association, Iowa Ornithologists' Union.
260 0 $aAmes, Iowa :$bThe College,$c1925.
300   $a[8] p. :$bill. ;$c20 cm.
500   $aSchool held at Iowa State College, Ames Iowa, February 19, 20, 21, 1925.
610 20$aConservation School.
710 2 $aIowa State College.
710 2 $aIowa Conservation Association.
710 2 $aIowa Ornithologists' Union.
988   $a20020608
906   $0MH

