LEADER 00757nam a22002057u 4500
001 000000267-4
005 20020606090541.3
008 821216|1931    |||||||  |||| |0||||eng|d
035 0 $aocm78604893
245 00$aLandscape gardening design for the small home /$cMassachusetts Department of Education, University Extension Sevice.
260 0 $a[Boston], Mass. :$bThe Department,$c1931.
300   $a[1] p. ;$c28 cm.
500   $aTypescript.
500   $aCourse instructor: Carol Fulkerson.
500   $aCourse given at Horticultural Hall, Boston, Mass.
650  0$aLandscape gardening$xOutlines, syllabi, etc.
700 1 $aFulkerson, Carol.
710 1 $aMassachusetts.$bDepartment of Education.$bUniversity Extension Service.
988   $a20020608
906   $0MH

