LEADER 00773nam a22002297u 4500
001 000000268-2
005 20020606090541.3
008 821216|1929    |||||||  |||| |0||||eng|d
035 0 $aocn188263616
035 0 $aocm30561356
100 1 $aPeck, Arthur L.
245 10$aLandscape architecture /$cby Arthur L. Peck.
260 0 $aCorvallis, Or. :$bOregon State Agricultural College,$c[1929]
300   $a23 p. :$bill., maps, ports. ;$c28 cm.
490 0 $aOregon State Agricultural College bulletin ;$vno. 457
500   $aDrawings by F. A. Cuthbert.
610 20$aOregon State Agricultural College.
650  0$aLandscape architecture$xStudy and teaching$zOregon.
700 1 $aCuthbert, F. A.
710 2 $aOregon State Agricultural College.
988   $a20020608
906   $0MH

