LEADER 00702nam a22001697u 4500
001 000000269-0
005 20020606090541.3
008 821216|1929    |||||||  |||| |0||||fre|d
035 0 $aocm77906218
110 2 $aUniversité de Paris.$bInstitute d'urbanisme.
245 10$aInstitute d'urbanisme de l'Université de Paris :$borganisation et fonctionnement /$cInstitute d'Urbanisme de l'Université de Paris.
260 0 $a[Paris, France] :$bl'Université,$c[1929?]
490 0 $aUniversité de Paris publication ;$vno. 14
500   $aOn title page: École nationale des hautes études urbaines et d'administration municipal.
610 20$aUniversité de Paris.$bInstitut d'urbanisme.
988   $a20020608
906   $0MH

