LEADER 00718cam a2200229I  4500
001 000000270-4
005 20020606090541.3
008 761229s1927    nyua          000 0 eng d
035 0 $aocm02651648
040   $aTLM$cTLM$dSMI$dFLL
043   $ae-uk-en
050  4$aDA630$b.C35 1927
090   $aDA630$b.C35 1927
100 1 $aCastle, Sydney Ernest,$d1883-1955.
245 10$aArchitectural tours in England,$carranged by Sydney E. Castle ... and T. H. Ringrose.
260   $aJamestown, N. Y.,$bInternational Casement Co.,$c1927.
300   $a29 p.$bill.
651  0$aEngland$xDescription and travel.
700 1 $aRingrose, T H$ejoint author.
700 1 $aRingrose, T. H.,$eauthor.
988   $a20020608
906   $0OCLC

