LEADER 00646nam a22001937u 4500
001 000000271-2
005 20020606090541.3
008 821216|1928    |||||||  |||| |0||||eng|d
035 0 $aocm78899058
245 03$aAn Art pilgrimage to Europe :$bincluding the International Art Congress, Prague-July, 1928 /$cwith Lorado Taft.
260 0 $aNewton, Mass. :$bBureau of University Travel,$c1928.
300   $a1 folded sheet (3 p.) ;$c16 cm.
500   $aIncludes itinerary.
650  0$aArt$xStudy and teaching.
650  0$aArt$xCongresses.
700 1 $aTaft, Lorado,$d1860-1936.
710 2 $aBureau of University Travel.
988   $a20020608
906   $0MH

