LEADER 00587nam a22001697u 4500
001 000000272-0
005 20020606090541.3
008 821216|1938    |||||||  |||| |0||||eng|d
035 0 $aocm78280673
245 00$aGarden lovers' pilrimage to Holland, Belgium, France and England, 1938 /$csponsorship of the Horticultural Society of New York.
260 0 $a[New York, N.Y. :$bThe Society,$c1938?]
300   $a16 p. :$bill. ;$c23 cm.
500   $aIncludes small brochure and itinerary.
650  0$aLandscape gardening.
710 2 $aHorticultural Society of New York.
988   $a20020608
906   $0MH

