LEADER 00608nam a22001937u 4500
001 000000273-9
005 20020606090541.3
008 821216|1929    |||||||  |||| |0||||eng|d
035 0 $aocm78938154
245 04$aThe Garden path through Europe.
260 0 $a[Madison, Wis.? :$bJ. E. Van Toor?],$c1929.
300   $a5 p. :$bill. ;$c23 cm.
500   $aTour lead by Miss May Elizabeth McAdams; tour directed by James E. Van Toor.
500   $aIncludes itinerary and application.
650  0$aLandscape gardening.
700 1 $aMcAdams, May Elizabeth.
700 1 $aVan Toor, James E.
988   $a20020608
906   $0MH

