LEADER 00610nam a22001817u 4500
001 000000274-7
005 20020606090541.3
008 821216|1929     ||||||  |||| |0||||eng|d
035 0 $aocn188263655
245 00$aMontecito and Santa Barbara garden tours :$blate April [tours]
260 0 $aSanta Barbara,[Calif.] :$bThe Garden Tours Committee,$c[1929?]
300   $a1 folded sheet (3 p.) ;$c26 cm.
500   $aIncludes itinerary.
650  0$aGardens$zCalifornia$zSanta Barbara.
650  0$aGardens$zCalifornia$zMontecito.
710 2 $aGarden Tours Committee (Santa Barbara, Calif.)
988   $a20020608
906   $0MH

