LEADER 00602nam a22001817u 4500
001 000000275-5
005 20090409103735.0
008 821216s1929    |||||||  |||| |0||||eng|d
035 0 $aocn424456171
245 00$aMontecito and Santa Barbara garden tours :$bMay [tours]
260 0 $aSanta Barbara,[Calif.] :$bThe Garden Tours Committee,$c[1929]
300   $a1 folded sheet (3 p.) ;$c26 cm.
500   $aIncludes itinerary.
650  0$aGardens$zCalifornia$zSanta Barbara.
650  0$aGardens$zCalifornia$zMontecito.
710 2 $aGarden Tours Committee (Santa Barbara, Calif.)
988   $a20020608
906   $0MH

