LEADER 00601nam a22001937u 4500
001 000000276-3
005 20020606090541.3
008 821216|1925    |||||||  |||| |0||||eng|d
035 0 $aocm84429295
245 04$aThe Gardens of England.
260 0 $aBoston, Mass. :$bTemple Tours, Intercollegiate Division,$c[1925]
300   $a1 folded sheet (4 p.) :$bill. ;$c14 cm.
500   $aIncludes itinerary.
500   $aTour directed by Prentiss French.
650  0$aGardens, English$zEngland.
700 1 $aFrench, Prentiss.
710 2 $aTemple Tours.$bIntercollegiate Division.
988   $a20020608
906   $0MH

