LEADER 00815nam a22002297u 4500
001 000000277-1
005 20020606090541.3
008 821216|1928    |||||||  |||| |0||||eng|d
035 0 $aocm82617143
245 00$aIn Oriental gardens :$ba study tour through China and Japan (with calls at Honolulu and Manila), Summer 1928.
260 0 $a[Ames], Iowa? :$bIowa State College,$c1928.
300   $a[10] p. :$bill. ;$c20 cm.
500   $aTour directed by P. H. Elwood, Jr. in cooperation with the American Express Company.
500   $aIncludes itinerary.
500   $aTour never took place.
650  0$aGardens, Oriental$zChina.
650  0$aGardens, Japanese$zJapan.
700 1 $aElwood, Philip Homer,$d1884-
710 2 $aIowa State College.
710 2 $aAmerican Express Company.
988   $a20020608
906   $0MH

