LEADER 00721nam a22001817u 4500
001 000000278-X
005 20020606090541.3
008 821216|1931    |||||||  |||| |0||||eng|d
035 0 $aocm79833125
245 00$aInterior decoration travel course /$coffered by the Boston School of Interior Decoration and Architectural Design and the Bureau of University Travel, Newton, Massachusetts.
260 0 $a[Newton, Mass. :$bBureau of University Travel,$c1931]
300   $a15 p. :$bill. ;$c22 cm.
500   $aIncludes itinerary.
650  0$aInterior decoration$xStudy and teaching.
710 2 $aBoston School of Interior Decoration and Architectural Design.
710 2 $aBureau of University Travel.
988   $a20020608
906   $0MH

