LEADER 00634nam a22001817u 4500
001 000000279-8
005 20020606090541.3
008 821216|1926    |||||||  |||| |0||||eng|d
035 0 $aocm79646045
245 00$aItaly :$bsummer school and tour instruction for American students /$cunder the auspices of the Royal Italian Government.
260 0 $a[Italy?] :$bRoyal Italian Government,$c[1926]
300   $a18 p., 6 leaves of plates :$bill. ;$c26 cm.
500   $aIncludes registration blank.
500   $aTour conducted by Prof. Paul Valenti.
650  0$aStudents$xTravel$zItaly.
700 1 $aValenti, Paul.
988   $a20020608
906   $0MH

