LEADER 00560nam a22001697u 4500
001 000000280-1
005 20090409103807.0
008 821216uuuuuuuuu|||||||  |||| |0||||eng|d
245 00$aItaly :$bsummer school for American students at Bellagio /$cunder the auspices of the Royal Italian Government.
260 0 $a[Italy?] :$bRoyal Italian Government,$c[19--?]
300   $a7 p. :$c24 cm.
500   $aIncludes itinerary.
500   $aTour conducted by Prof. Paul Valenti.
650  0$aStudents$xTravel$zItaly.
700 1 $aValenti, Paul.
988   $a20020608
906   $0MH

