LEADER 00626nam a22001937u 4500
001 000000281-X
005 20020606090541.3
008 821216|1922    |||||||  |||| |0||||eng|d
035 0 $aocm78056477
245 00$aSchool of landscape architecture in Italy :$bSummer 1922.
260 0 $aColumbus, Ohio :$bOhio State University,$c1922.
300   $a1 folded sheet (3 p.) ;$c16 cm.
500   $aIncludes itinerary.
500   $aTour directed by Prof. P. H. Elwood Jr.
650  0$aLandscape architecture$xStudy and teaching.
700 1 $aElwood, Philip Homer,$d1884-
710 2 $aOhio State University.
988   $a20020608
906   $0MH

