LEADER 00728nam a22002057u 4500
001 000000282-8
005 20090409103859.0
008 821216m19201929|||||||  |||| |0||||eng|d
035 0 $aocn424456172
245 00$aSecond European summer school in landscape architecture /$cunder the direction of P. H. Elwood, Jr.
246 3 $a2nd European summer school in landscape architecture.
260 0 $aAmes, Iowa :$bIowa State College,$c[1920-9?]
300   $a1 folded sheet (2 p.) ;$c27 cm.
500   $aTour directed by P. H. Elwood, Jr.
500   $aIncludes itinerary.
650  0$aLandscape architecture$xStudy and teaching.
700 1 $aElwood, Philip Homer,$d1884-
710 2 $aIowa State College.
988   $a20020608
906   $0MH

