LEADER 00677nam a22001937u 4500
001 000000283-6
005 20020606090541.3
008 821216|1929    |||||||  |||| |0||||eng|d
035 0 $aocm80514921
245 00$aSpringtide in Europe :$bwith the Women's National Farm and Garden Association.
260 0 $aBoston, Mass. :$bTemple Tours, Educational Division,$c1929.
300   $a1 folded sheet (3 p.) :$bill. ;$c20 cm.
500   $aTour takes place April 6 to June 4, 1929.
500   $aIncludes itinerary.
650  0$aLandscape gardening.
710 2 $aWoman's National Farm and Garden Association.
710 2 $aTemple Tours.$bEducational Division.
988   $a20020608
906   $0MH

