LEADER 00651nam a22001817u 4500
001 000000284-4
005 20020606090541.3
008 821216|1937    |||||||  |||| |0||||eng|d
035 0 $aocm84445154
245 00$aTravel study abroad :$bsummer school and tour of instruction in Italy /$cunder the auspices of the Royal Italian Government.
246 3 $aTravel and study abroad.
260 0 $a[S.l.] :$bRoyal Italian Government?,$c1937?
300   $a[1] p. ;$c46 x 30 cm. folded to 16 x 23 cm.
500   $aTour conducted by Prof. Paul Valenti.
650  0$aLandscape architecture$xStudy and teaching.
700 1 $aValenti, Paul.
988   $a20020608
906   $0MH

