LEADER 00517nam a22001577u 4500
001 000000285-2
005 20090409103949.0
008 821216uuuuuuuuu|||||||  |||| |0||||eng|d
245 00$aTravel, study, vacation in Italy /$cunder the auspices of the Royal Italian Government.
260 0 $a[Italy?] :$bRoyal Italian Government,$c[19--?]
300   $a1 folded sheet (3 p.) ;$c11 cm.
500   $aTour conducted by Prof. Paul Valenti.
650  0$aStudents$xTravel$zItaly.
700 1 $aValenti, Paul.
988   $a20020608
906   $0MH

