LEADER 00734nam a22002057u 4500
001 000000286-0
005 20020606090541.3
008 821216|1931    |||||||  |||| |0||||eng|d
035 0 $aocm81181980
245 02$aA Travelling seminar in the Orient :$bart, architecture and landscape architecture.
260 0 $a[Urbana], Ill. :$bUniversity of Illinois,$c1931.
300   $a[5] p. :$bill. ;$c23 cm.
500   $aIncludes itinerary and application.
500   $aTour lead by Miss Florence B. Robinson.
650  0$aLandscape architecture$xStudy and teaching.
650  0$aArchitecture$xStudy and teaching.
700 1 $aRobinson, Florence Bell.
710 2 $aUniversity of Illinois (Urbana-Champaign campus)
988   $a20020608
906   $0MH

