LEADER 00474nam a22001577u 4500
001 000000287-9
005 20090409104042.0
008 821216uuuuuuuuu|||||||  |||| |0||||eng|d
245 02$aA Vagabond tour for architects.
260 0 $aNewton, Mass. :$bBureau of University Travel,$c[19--?]
300   $a1 folded sheet (3 p.) ;$c22 cm.
500   $aIncludes itinerary.
650  0$aArchitecture$xStudy and teaching.
710 2 $aBureau of University Travel.
988   $a20020608
906   $0MH

