LEADER 00779nam a22001937u 4500
001 000000288-7
005 20020606090541.3
008 821216|1958    |||||||  |||| |0||||eng|d
035 0 $aocm78575670
245 00$aU.S.A. tours /$cAmerican Society of Landscape Architects...with International Federation of Landscape Architects.
260 0 $aWashington, D.C. :$bWorld-Wide Travel Service Corp.,$c1958.
300   $a[1] folded sheet (8 p.) :$bill. ;$c41 x 23 cm. folded to 11 x 23 cm.
500   $aIncludes itinerary and reservation form.
650  0$aLandscape architecture$zUnited States.
710 2 $aAmerican Society of Landscape Architects.
710 2 $aInternational Federation of Landscape Architects.
710 2 $aWorld-Wide Travel Service Corp.
988   $a20020608
906   $0MH

