LEADER 00431nam a22001577u 4500
001 000000289-5
005 20090409104125.0
008 821216q19001936|||||||  |||| |0||||eng|d
035 0 $aocn424456173
245 00$aInstructions to draughtsmen.
260 0 $a[Brookline, Mass.? :$bOlmsted Brothers?,$c1900--?]
300   $a[5] p. :$bill. ;$c29 cm.
650  0$aArchitectural drawing.
710 2 $aOlmsted Brothers.
988   $a20020608
906   $0MH

