LEADER 00949nam a22002177u 4500
001 000000290-9
005 20020606090541.3
008 821216|1934    |||||||  |||| |0||||eng|d
035 0 $aocm77812578
245 00$aCollaborative program :$bfor Edward L. Ryerson Travelling Fellowship of the Foundation for Architecture and Landscape Architecture, Lake Forest, Illinois.
260 0 $aLake Forest, Ill. :$bThe Foundation,$c1934.
300   $a5 p. :$bmap ;$c28 cm.
500   $aTitle of problem: A week-end house near a large city.
500   $aIncludes cover letter from Walter S. Brewster, president of the Foundation.
650  0$aArchitecture$xCompetitions$zIllinois$zLake Forest.
650  0$aLandscape architecture$xCompetitions$zIllinois$zLake Forest.
700 1 $aBrewster, Walter S.
710 2 $aFoundation for Architecture and Landscape Architecture (U.S)
710 2 $aEdward L. Ryerson Travelling Fellowship.
988   $a20020608
906   $0MH

