LEADER 00699nam a22001697u 4500
001 000000291-7
005 20020606090541.3
008 821216|1920    |||||||  |||| |0||||eng|d
035 0 $aocm80582471
245 04$aThe Landscape architects' motto at the University of California :$ba brief statement descriptive of the professional instruction in landscape architecture as offered at the University of California, Berkeley, Cal., 1920-1921.
260 0 $aBerkeley, Calif. :$bThe University,$c1920.
300   $a11 p. ;$c28 cm.
500   $aTypescript.
650  0$aLandscape architecture$xStudy and teaching$zCalifornia$zBerkeley.
710 2 $aUniversity of California, Berkeley.
988   $a20020608
906   $0MH

