LEADER 00563nam a22001697u 4500
001 000000292-5
005 20020606090541.3
008 821216|1932    |||||||  |||| |0||||eng|d
035 0 $aocm78897998
245 00$aNotes on development of a professional course in landscape architecture /$cIowa State College, Ames, Iowa.
260 0 $aAmes, Iowa :$bThe College,$c[1932?]
300   $a8 p. :$bchart, tables ;$c28 cm.
500   $aTypescript.
650  0$aLandscape architecture$xStudy and teaching$zIowa$zAmes.
710 2 $aIowa State College.
988   $a20020608
906   $0MH

