LEADER 00835nam a22001937u 4500
001 000000293-3
005 20020606090541.3
008 821216|1927    |||||||  |||| |0||||eng|d
035 0 $aocm83217623
245 00$aRevised program :$bsummer scholarships, 1927 /$cFoundation for Architecture and Landscape Architecture.
260 0 $aLake Forest, Ill. :$bThe Foundation,$c1927.
300   $a[1] p. ;$c33 cm.
500   $aTypescript.
501   $aWith: Foundation for Architecture and Landscape Architecture [brochure]. Lake Forest, Ill. : The Foundation, 1927?
650  0$aArchitecture$xScholarships, fellowships, etc.$zIllinois$zLake Forest.
650  0$aLandscape architecture$xScholarships, fellowships, etc.$zIllinois$zLake Forest.
710 2 $aFoundation for Architecture and Landscape Architecture (U.S)
988   $a20020608
906   $0MH

