LEADER 00660nam a2200193K  4500
001 000000294-1
005 20020606090541.3
008 930218s1953    mau           000 0 eng d
035 0 $aocm80033995
040   $aFLL$cFLL
110 2 $aAmerican Society of Landscape Architects.
245 10$aEducational requirements in landscape architecture:$bthe minimum professional training approved by the ASLA.
260   $a[Boston],$bA.S.L.A.$c1953.
300   $a2 p.
650 0 $aLandscape architecture$xVocational guidance.
650  0$aLandscape architecture$xStudy and teaching.
690  9$aLandscape architecture$xStudy & teaching.$5des
988   $a20020608
906   $0MH

