LEADER 00852nam a22002177u 4500
001 000000295-X
005 20090712065742.0
008 821216|1964    |||||||  |||| |0||||eng|d
035 0 $aocm81969906
245 00$a1963 ASPO survey of planning schools.
260 0 $aChicago, Ill. :$bAmerican Society of Planning Officials,$c1964.
300   $a1 folded sheet (8 p.) :$bchiefly tables ;$c28 cm.
500   $aASPO in cooperation with the American Institute of Planners, and the Association of Collegiate Schools of Planning.
650  0$aEducational surveys.
650  0$aCity planning$xStudy and teaching.
650  0$aRegional planning$xStudy and teaching.
710 2 $aAmerican Society of Planning Officials.
710 2 $aAmerican Institute of Planners.
710 2 $aAssociation of Collegiate Schools of Planning (U.S.)
988   $a20020608
906   $0MH

