LEADER 00827nam a22002177u 4500
001 000000296-8
005 20020606090541.3
008 821216|1929    |||||||  |||| |0||||eng|d
035 0 $aocm81700704
245 00$aIn Oriental gardens :$ba landscape study tour through Japan and China.
260 0 $aAmes, Iowa :$bDepartment of Landscape Architecture, Iowa State College,$c[1929]
300   $a[3] p. :$bill. ;$c28 cm.
500   $aIncludes itinerary.
500   $aTour under the direction of Prof. P. H. Elwood, Jr. and Mr. Upton Close.
650  0$aGardens, Oriental$xStudy and teaching$zJapan.
650  0$aGardens, Oriental$xStudy and teaching$zChina.
700 1 $aClose, Upton.
700 1 $aElwood, Philip Homer,$d1884-
710 2 $aIowa State College.$bDepartment of Landscape Architecture.
988   $a20020608
906   $0MH

