LEADER 00839nam a22002297u 4500
001 000000297-6
005 20090712065743.0
008 821216|1929    |||||||  |||| |0||||eng|d
035 0 $aocm84413627
245 04$aThe 1929 Oriental art cruise.
260 0 $a[Seattle, Wash. :$bAmerican Mail Line],$c1929.
300   $a1 folded sheet (6 p.) :$bill. ;$c65 x 28 cm. folded to 22 x 28 cm.
500   $aIncludes itinerary.
500   $aSailing from Seattle Jan. 12, 1929, returning to Seattle April 8, 1929.
500   $aTour under the leadership of Dr. Herbert H. Gowen.
500   $aTour in cooperation with American Express Co.
650  0$aArt, Asian$xStudy and teaching.
700 1 $aGowen, Herbert H.$q(Herbert Henry),$d1864-1960.
710 2 $aAmerican Mail Line.
710 2 $aAmerican Express Company.
988   $a20020608
906   $0MH

