LEADER 00820nam a22002057u 4500
001 000000298-4
005 20020606090541.3
008 821216|1920    |||||||  |||| |0||||eng|d
035 0 $aocm80075567
111 2 $aNational Conference on Instruction in Landscape Architecture$n(1st :$d1920 :$cHarvard University)
245 10$aNational conference on instruction in landscape architecture /$creport of the secretary.
260 0 $aCambridge, Mass. :$bHarvard University,$c1920.
300   $a[19] p. ;$c28 cm.
500   $aConference held June 26-28, 1920.
500   $aTypescript.
611 20$aNational Conference on Instruction in Landscape Architecture$n(1st :$d1920 :$cHarvard University)
650  0$aLandscape architecture$xStudy and teaching$xCongresses.
710 2 $aHarvard University.
988   $a20020608
906   $0MH

