LEADER 00847nam a22002057u 4500
001 000000299-2
005 20020606090541.3
008 821216|1921    |||||||  |||| |0||||eng|d
035 0 $aocm82013722
111 2 $aNational Conference on Instruction in Landscape Architecture$n(2nd :$d1921 :$cHarvard University)
245 10$aNational conference on instruction in landscape architecture :$bheld June 25, 26, and 27, 1921 /$creport edited by Chance S. Hill.
260 0 $a[Cambridge, Mass.] :$bHarvard University,$c1921.
300   $a[218] p. ;$c37 cm.
500   $aTypescript.
611 20$aNational Conference on Instruction in Landscape Architecture$n(2nd :$d1921 :$cHarvard University)
650  0$aLandscape architecture$xStudy and teaching$xCongresses.
700 1 $aHill, Chance S.
710 2 $aHarvard University.
988   $a20020608
906   $0MH

