LEADER 00786nam a22002057u 4500
001 000000300-X
005 20020606090541.3
008 821216|1920    |||||||  |||| |0||||eng|d
035 0 $aocm83700768
111 2 $aNational Conference on Instruction in Landscape Architecture$n(3rd :$d1922 :$cCornell University)
245 10$aNational conference of teachers in landscape architecture.
260 0 $a[Ithaca, N.Y.] :$bCornell University,$c1922.
300   $a31 p. ;$c27 cm.
500   $aTypescript.
500   $aConference held June 24-26, 1922.
611 20$aNational Conference on Instruction in Landscape Architecture$n(3rd :$d1922 :$cCornell University.
650  0$aLandscape architecture$xStudy and teaching$xCongresses.
710 2 $aCornell University.
988   $a20020608
906   $0MH

