LEADER 00885nam a22002177u 4500
001 000000301-8
005 20020606090541.3
008 821216|1923    |||||||  |||| |0||||eng|d
035 0 $aocm80617497
111 2 $aNational Conference on Instruction in Landscape Architecture$n(4th :$d1923 :$cCornell University)
245 10$aNational conference on instruction in landscape architecture :$breport on the fourth annual meeting /$cCornell University.
260 0 $a[Ithaca, N.Y.] :$bCornell University,$c1923.
300   $a57 p. ;$c27 cm.
500   $aTypescript.
500   $aConference held June 22-24, 1923.
500   $aIncludes appendix.
611 20$aNational Conference on Instruction in Landscape Architecture$n(4th :$d1923 :$cCornell University)
650  0$aLandscape architecture$xStudy and teaching$xCongresses.
710 2 $aCornell University.
988   $a20020608
906   $0MH

