LEADER 00827nam a22002057u 4500
001 000000302-6
005 20020606090541.3
008 821216|1924    |||||||  |||| |0||||eng|d
035 0 $aocm77713124
111 2 $aNational Conference on Instruction in Landscape Architecture$n(5th :$d1924 :$cUniversity of Michigan)
245 10$aReport on the fifth national conference on instruction in landscape architecture.
260 0 $aAnn Arbor, Mich. :$bUniversity of Michigan,$c1924.
300   $a72 p. ;$c28 cm.
500   $aConference held June 19-21, 1924.
500   $aTypescript.
611 20$aNational Conference on Instruction in Landscape Architecture$n(5th :$d1924 :$cUniversity of Michigan)
650  0$aLandscape architecture$xStudy and teaching$xCongresses.
710 2 $aUniversity of Michigan.
988   $a20020608
906   $0MH

