LEADER 00918nam a22002177u 4500
001 000000303-4
005 20020606090541.3
008 821216|1925    |||||||  |||| |0||||eng|d
035 0 $aocm84173351
111 2 $aNational Conference on Instruction in Landscape Architecture$n(6th :$d1925 :$cUniversity of Illinois)
245 10$aSixth national conference in instruction in landscape architecture.
260 0 $a[Urbana], Ill. :$bThe University,$c1925.
300   $a79 p. ;$c28 cm.
500   $aTypescript.
500   $aIncludes separate schedule, transportation and accomodations information.
500   $aConference held June 17-19, 1925.
611 20$aNational Conference on Instruction in Landscape Architecture$n(6th :$d1925 :$cUniversity of Illinois)
650  0$aLandscape architecture$xStudy and teaching$xCongresses.
710 2 $aUniversity of Illinois (Urbana-Champaign campus)
988   $a20020608
906   $0MH

