LEADER 00916nam a22002177u 4500
001 000000304-2
005 20020606090541.3
008 830127|1926    |||||||  |||| |0||||eng|d
035 0 $aocm77762083
111 2 $aNational Conference on Instruction in Landscape Architecture$n(7th :$d1926 :$cUniversity of Pennsylvania, Philadelphia)
245 10$aNational conference on instruction in landscape architecture :$breport of seventh annual meeting.
260 0 $a[Philadelphia, Pa] :$bThe University,$c1926.
300   $a67 p. ;$c28 cm.
500   $aConference held June 10, 12, 1926.
500   $aTypescript.
504   $aIncludes bibligraphy.
611 20$aNational Conference on Instruction in Landscape Architecture$n(7th :$d1926 :$cUniversity of Pennsylvania, Philadelphia)
650  0$aLandscape architecture$xStudy and teaching$xCongresses.
710 2 $aUniversity of Pennsylvania.
988   $a20020608
906   $0MH

