LEADER 00803nam a22002057u 4500
001 000000305-0
005 20020606090541.3
008 830127|1927    |||||||  |||| |0||||eng|d
035 0 $aocm82929925
111 2 $aNational Conference on Instruction in Landscape Architecture$n(8th :$d1927 :$cOhio State University)
245 10$aProceedings of the eighth national conference on instruction in landscape architecture.
260 0 $aColumbus, Ohio :$bThe University,$c1927.
300   $a[35] p. ;$c28 cm.
500   $aConference held June 16, 18, 1927.
500   $aTypescript.
611 20$aNational Conference on Instruction in Landscape Architecture$n(8th :$d1927 :$cOhio State University)
650  0$aLandscape architecture$xCongresses.
710 2 $aOhio State University.
988   $a20020608
906   $0MH

