LEADER 00786nam a22001937u 4500
001 000000306-9
005 20020606090541.3
008 830127|1928    |||||||  |||| |0||||eng|d
035 0 $aocm79739263
111 2 $aNational Conference on Instruction in Landscape Architecture$n(9th :$d1927 :$cCornell University)
245 10$aNational conference on instruction in landscape architecture :$bninth annual meeting held in conjunction with the American Society of Landscape Architects.
260 0 $aIthaca, New York :$bThe Society,$c1928.
300   $a6 p. ;$c27 cm.
500   $aTypescript.
500   $aConference held at Cornell University, June 21-22, 1928.
650  0$aLandscape architecture$xStudy and teaching$xCongresses.
710 2 $aCornell University.
988   $a20020608
906   $0MH

