LEADER 00446nam a22001697u 4500
001 000000307-7
005 20020606090541.3
008 830127|1956    |||||||  |||| |0||||eng|d
035 0 $aocn188263743
110 2 $aAmerican Academy in Rome.
245 10$aAmerican Academy in Rome.
260 0 $a[New York, N.Y. :$bThe Academy,$c1956?]
300   $a[15] p. ;$c21 cm.
500   $aCatalog.
610 20$aAmerican Academy in Rome.
988   $a20020608
906   $0MH

