LEADER 00563nam a22001577u 4500
001 000000308-5
005 20020606090541.3
008 830127|1970    |||||||  |||| |0||||eng|d
035 0 $aocm84961674
245 00$a1970 roster of teachers /$cAmerican Society of Landscape Architects, Committee on Education.
260 0 $a[S.l.] :$bAmerican Society of Landscape Architects,$c1970.
300   $a14 p. ;$c28 cm.
650  0$aLandscape architecture$xStudy and teaching.
710 2 $aAmerican Society of Landscape Architects.$bCommittee on Education.
988   $a20020608
906   $0MH

