LEADER 00768nam a22002057u 4500
001 000000309-3
005 20020606090541.3
008 830127|1951    |||||||  |||| |0||||eng|d
035 0 $aocm82480658
111 2 $aConference on Education in Landscape Architecture$d(1951 :$cHarvard University)
245 00$aConference on education in landscsape architecture :$b[program]
260 0 $a[Cambridge, Mass.] :$bHarvard University,$c1951.
300   $a[4] p. :$bmap ;$c28 cm.
500   $aTypescript.
500   $aConference held June 15, 16, 1951.
611 20$aConference on Education in Landscape Architecture$d(1951 :$cHarvard University)
650  0$aLandscape architecture$xStudy and teaching$xCongresses.
710 2 $aHarvard University.
988   $a20020608
906   $0MH

