LEADER 00736nam a22002057u 4500
001 000000311-5
005 20020606090541.3
008 830127|1952    |||||||  |||| |0||||eng|d
035 0 $aocn188263766
111 2 $aConference on Education in Landscape Architecture$d(1952 :$cUniversity of Georgia)
245 10$aProceedings of the 1952 conference.
260 0 $a[Athens, Georgia :$bThe University,$c1952.]
300   $a29 p. ;$c28 cm.
500   $aConference held June 20-21, 1952.
500   $aTypescript.
611 20$aConference on Education in Landscape Architecture$d(1952 :$cUniversity of Georgia)
650  0$aLandscape architecture$xStudy and teaching$xCongresses.
710 2 $aUniversity of Georgia.
988   $a20020608
906   $0MH

