LEADER 00588nam a22001697u 4500
001 000000312-3
005 20090409104320.0
008 830127s19uu    |||||||  |||| |0||||eng|d
035 0 $aocn424456174
245 04$aThe Cornell plantations :$ba plan to preserve and develop Cornell's natural areas.
260 0 $a[Ithaca, New York :$bCornell University,$c19--?]
300   $a1 folded sheet (6p) :$bill. ;$c56 x 28 cm folded to 19 x 28 cm.
650  0$aLandscape architecture$zNew York (State)$zIthaca.
710 2 $aCornell Plantations.
710 2 $aCornell University.
988   $a20020608
906   $0MH

