LEADER 00980nam a22002297u 4500
001 000000313-1
005 20020606090541.3
008 830127|1953    |||||||  |||| |0||||eng|d
035 0 $aocm81811373
111 2 $aNational Conference on Instruction in Landscape Architecture$d(1953 :$cMichigan State College)
245 10$aReport on the 1953 conference on instruction in landscape architecture. /$cby Ruth Layton.
260 0 $aEast Lansing, Mich. :$bThe College,$c1953.
300   $a[24] p. :$bcharts ;$c28 cm.
500   $aIncludes brochures on careers on landscape architecture, urban planning and The Kellogg Center.
500   $aTypescript.
500   $aIncludes separate events schedule and map of college.
500   $aConference held June 25, 26, 1953.
611 20$aConference on Instruction in Landscape Architecture$d(1953 :$cMichigan State College)
650  0$aLandscape architecture$xStudy and teaching.
700 1 $aLayton, Ruth C.
988   $a20020608
906   $0MH

