LEADER 01040nam a22002297u 4500
001 000000314-X
005 20020606090541.3
008 830127|1955    |||||||  |||| |0||||eng|d
035 0 $aocn188263806
111 2 $aNational Conference on Instruction in Landscape Architecture$n(36th :$d1955 :$cUniversity of Illinois, Monticello)
245 10$aNational conference on instruction in landscape architecture /$cDepartment of City Planning and Landscape Architecture, University of Illinois.
260 0 $aMonticello, Ill. :$bThe University,$c1955.
300   $a23 p. ;$c28 cm.
500   $aTypescript.
500   $aConference held June 22-25, 1955 at Allerton House, Monticello, Illinois.
500   $aStanley White, Conference Chairman.
611 20$aNational Conference on Instruction in Landscape Architecture$n(36th :$d1955 :$cMonticello)
650  0$aLandscape architecture$xStudy and teaching$xCongresses.
700 1 $aWhite, Stanley,$d1891-
710 2 $aUniversity of Illinois (Urbana-Champaign campus)
988   $a20020608
906   $0MH

