LEADER 01053nam a22002417u 4500
001 000000315-8
005 20020606090541.3
008 830127|1954    |||||||  |||| |0||||eng|d
035 0 $aocm82013731
111 2 $aNational Conference on Instruction in Landscape Architecture$n(35th :$d1954 :$cSyracuse University)
245 10$aConference of educators in landscape architecture /$cprepared by R.C. Layton.
260 0 $aSyracuse, New York :$bThe Syracuse University and New York State University College of Forestry,$c1954.
300   $a14 p. ;$c28 cm.
500   $aTypescript.
500   $aIncludes separate list of registrants and program.
500   $aConference held June 23-26, 1954.
611 20$aNational Conference of Educators in Landscape Architecture$n(35th :$d1954 :$cSyracuse University).
650  0$aLandscape architecture$xStudy and teaching$xCongresses.
700 1 $aLayton, Ruth C.
710 2 $aSyracuse University.
710 2 $aNew York State University College of Forestry at Syracuse University.
988   $a20020608
906   $0MH

