LEADER 00602nam a22001817u 4500
001 000000316-6
005 20020606090541.3
008 830127|1953    |||||||  |||| |0||||eng|d
035 0 $aocm80444440
245 00$aForestry Schools in the United States /$cU.S. Department of Agriculture Forest Service.
250   $aRev. ed.
260 0 $a[Washington, D.C. :$bThe Service,$c1953.
300   $a9 p. ;$c26 cm.
650  0$aForest management$xStudy and teaching$zUnited States.
650  0$aForestry schools and education$zUnited States.
710 1 $aUnited States.$bForest Service.
988   $a20020608
906   $0MH

