LEADER 00553nam a22001577u 4500
001 000000317-4
005 20090409104349.0
008 830127s19uu    |||||||  |||| |0||||eng|d
035 0 $aocn424456175
245 04$aThe Institute of Landscape Architects :$ba statement on education together with a tentative syllabus.
260 0 $a[London, Eng. :$bThe Institute,$c19--?]
300   $a[6] p. ;$c26 cm.
650  0$aLandscape architecture$xStudy and teaching$zGreat Britain.
710 2 $aInstitute of Landscape Architects (Great Britain)
988   $a20020608
906   $0MH

