LEADER 00542nam a22001577u 4500
001 000000318-2
005 20090409104510.0
008 830127s1935    |||||||  |||| |0||||eng|d
035 0 $aocn424456176
245 00$aCourse in landscape design.
260 0 $a[London, England :$bSchool of Planning and Research for Regional Development,$c1935--?]
300   $a[3] p. ;$c17 x 13 cm.
650  0$aLandscape architecture$xStudy and teaching.
710 2 $aSchool of Planning and Research for Regional Development (London, England)
988   $a20020608
906   $0MH

