LEADER 00555nam a22001577u 4500
001 000000319-0
005 20020606090541.3
008 830127|1928    |||||||  |||| |0||||eng|d
035 0 $aocm79070887
110 2 $aUniversity of Toronto.$bDepartment of Architecture.
245 10$aBulletin :$bDepartment of Architecture, the University of Toronto.
260 0 $aToronto, Ont. :$b[Department of University Extension],$c1928.
300   $a[2] p., [11] leaves of plates :$bill. ;$c31 cm.
650  0$aArchitecture$xStudy and teaching$zCanada.
988   $a20020608
906   $0MH

