LEADER 00461nam a22001577u 4500
001 000000320-4
005 20020606090541.3
008 830127|1942    |||||||  |||| |0||||eng|d
035 0 $aocm79777800
245 00$aAlumnae register /$cCambridge Graduate School of Smith College.
260 0 $a[Cambridge, Mass. :$bThe School],$c1942.
300   $a40 p. ;$c22 cm.
610 20$aCambridge School$xAlumni and alumnae.
710 2 $aCambridge School.
988   $a20020608
906   $0MH

