LEADER 00690nam a22001697u 4500
001 000000321-2
005 20020606090541.3
008 830127|1932    |||||||  |||| |0||||eng|d
035 0 $aocn188263862
245 04$aThe Course in landscape architecture /$cMassachusetts Institute of Technology, Boston, Department of Architecture.
260 0 $aBoston, Mass. :$bThe Institute,$c[1932?]
300   $a30 p., [1] col. leaf of plates :$bill. ;$c24 cm.
500   $aReprinted from : Technology review, Vol.5, no.1.
650  0$aLandscape architecture$xStudy and teaching$zMassachusetts$zBoston.
710 2 $aMassachusetts Institute of Technology.$bDepartment of Architecture.
988   $a20020608
906   $0MH

