LEADER 01005nam a22002177u 4500
001 000000322-0
005 20020606090541.3
008 830127|1939    |||||||  |||| |0||||eng|d
035 0 $aocm78363236
245 02$aA Short course for state park executives and administrative officials ... /$cInstitute of Landscape Management.
260 0 $aSyracuse, N.Y. :$bSyracuse University,$c1939.
300   $a[3] p. ;$c23 cm.
500   $aCourse held February 13 to March 11, 1939.
500   $aConducted under the auspices of the National Conference on State Parks by the Department of Landscape and Recreational Management of the New York State College of Forestry, Syracuse University.
650  0$aLandscape architecture$xStudy and teaching.
650  0$aForest management$xStudy and teaching.
710 2 $aNew York State College of Forestry at Syracuse University.
710 2 $aInstitute of Landscape Management (Syracuse, N.Y.)
710 2 $aNational Conference on State Parks.
988   $a20020608
906   $0MH

