LEADER 00898cam a2200289   4500
001 000000323-9
005 20020606090541.3
008 721110s1971    enkab    b    000 0 eng  
010   $a   72192943 //r925
015   $aB71-19945
020   $a0239001044
035 0 $aocm00524850
040   $aDLC$cDLC$dm.c.$dFLL
043   $ae-uk-en
050 00$aNA971.B2$bS6
082 00$a914.23/8
100 1 $aSmithson, Peter,$d1923-2003.
245 10$aBath: walks within the walls:$ba study of Bath as a built-form taken over by other uses.
260   $aBath,$bAdams and Dart,$c1971.
300   $a19 p. (2 fold.).$billus., col. map.$c31 x 12 cm.
500   $aCover title.
504   $aIncludes bibliographical references.
650  0$aArchitecture$zEngland$zBath$xGuidebooks.
650  0$aWalking$zEngland$zBath$xGuidebooks.
651  0$aBath (England)$xTours.
988   $a20020608
906   $0DLC

