LEADER 00549nam a22001697u 4500
001 000000324-7
005 20020606090541.3
008 830127|1946    |||||||  |||| |0||||por|d
035 0 $aocm82687117
100 1 $aStrang, Harold Edgard.
245 12$aO ensino do paisagismo no Brasil /$cagr. Harold E. Strang.
260 0 $a[Brazil :$bs.n.],$c1946.
300   $a58 [i.e. 3] p. ;$c23 cm.
500   $aSeparata da revista: Agronomia, Vol. 5 núm. 1, Jan.-Mar., 1946.
650  0$aLandscape architecture$xStudy and teaching$zBrazil.
988   $a20020608
906   $0MH

