LEADER 01076nam a22002297u 4500
001 000000325-5
005 20020606090541.3
008 830127|1939    |||||||  |||| |0||||eng|d
035 0 $aocm81266612
100 1 $aBirner, Paula.
245 10$aPublic problems in landscape architecture :$bPart III, government forests, nature sanctuaries ... study aid /$cprepared by Paula Birner in collaboration with Franz A. Aust and Almere L. Scott.
260 0 $aMadison, Wis. :$bDepartment of Debating and Public Discussion,University Extension Division, The University of Wisconsin,$c1939.
300   $a68 p., [7] leaves of plates :$bill. ;$c23 cm.
500   $aMimeographed typescript prepared and mimeographed under W.P.A. Project 9864, Study Aids.
500   $aPamphlet includes 6 additional mimeographed pages.
650  0$aLandscape architecture$xStudy and teaching.
650  0$aPublic lands$zUnited States.
700 1 $aAust, Franz August,$d1885-
700 1 $aScott, Almere L.
710 2 $aUniversity of Wisconsin.$bUniversity Extension Program.
988   $a20020608
906   $0MH

