LEADER 00635nam a22001697u 4500
001 000000326-3
005 20020606090541.3
008 830127|1936    |||||||  |||| |0||||eng|d
035 0 $aocm79055268
110 2 $aCambridge School.
245 14$aThe Cambridge School of Architecture and Landscape Architecture :$ban affiliated graduate professional school of Smith College.
260 0 $aCambridge, Mass. :$bThe School,$c[1936?]
610 20$aCambridge School.
650  0$aArchitecture$xStudy and teaching$zMassachusetts$zCambridge.
650  0$aLandscape architecture$xStudy and teaching$zMassachusetts$zCambridge.
988   $a20020608
906   $0MH

