LEADER 00481nam a22001697u 4500
001 000000327-1
005 20090409104740.0
008 830127s19uu    |||||||  |||| |0||||eng|d
035 0 $aocn424456177
245 00$aCambridge School :$b[prospectus of work]
260 0 $aCambridge, [Mass.] :$bThe School,$c[19--?]
300   $a[10] leaves of plates :$bill. ;$c24 cm.
650  0$aArchitecture.
650  0$aLandscape architecture.
710 2 $aCambridge School.
988   $a20020608
906   $0MH

