LEADER 00770nam a2200217K  4500
001 000000328-X
005 20020606090541.3
008 931202s1942    wiu          s000 0 eng d
035 0 $aocm81053216
040   $aFLL$cFLL
110 2 $aUniversity of Wisconsin.$bUniversity Extension Division.
245 10$aCourses in astronomy, landscape design, Norwegian, philosophy, publicity writing, speech.
260   $aMadison,$bThe University.$c[1942]
300   $a15 p.
440  0$aBulletin of the University of Wisconsin
500   $aJune 1942.
610 20$aUniversity of Wisconsin.$bUniversity Extension Division$xCurricula.
650  0$aLandscape architecture$xStudy and teaching.
690  9$aLandscape architecture$xStudy & teaching.$5des
988   $a20020608
906   $0MH

