LEADER 00644nam a2200181K  4500
001 000000329-8
005 20020606090541.3
008 930624s1914    mau           000 0 eng d
035 0 $aocm10432665
040   $aFLL$cFLL
110 2 $aHarvard University.$bSchool of Landscape Architecture.
245 10$aExceptional opportunities for field study: examples of landscape design in the vicinity of Boston.
260   $aCambridge,$bThe University,$c1914.
300   $a1 v. (unpaged)$bphotos., map (folded)$c30 cm.
650  0$aLandscape architecture$zMassachusetts.
690  9$aLandscape architecture$xProf. practice.$5des
988   $a20020608
906   $0MH

