LEADER 00755nam a22001817u 4500
001 000000330-1
005 20020606090541.3
008 830127|1910    |||||||  |||| |0||||eng|d
035 0 $aocn188263909
245 00$aFinal report of the Committee on the Condition of Art Work in Colleges and Universities.
260 0 $a[S.l.?] :$bWestern Drawing and Manual Training Association,$c1910.
300   $a20 p. ;$c22 cm.
500   $aReprint from 1910 annual report of the Western Drawing and Manual Training Association.
650  0$aArt$xStudy and teaching.
650  0$aArchitecture$xStudy and teaching.
710 2 $aWestern Drawing and Manual Training Association.$bCommittee on the Condition of Art Work in Colleges and Universities.
988   $a20020608
906   $0MH

