LEADER 00598nam a2200193K  4500
001 000000331-X
005 20020606090541.3
008 930719n        xx            000 0 eng d
035 0 $aocm84173958
040   $aFLL$cFLL
110 2 $aMassachusetts Institute of Technology.
245 10$aLandscape architecture: preliminary announcement.
260   $bThe Institute.$c[n.d.]
300   $a[2] p.
650  0$aLandscape architecture$xStudy and teaching.
650  0$aLandscape architecture$xVocational guidance.
690  9$aLandscape architecture$xStudy and teaching.$5des
988   $a20020608
906   $0MH

