LEADER 00581nam a22001697u 4500
001 000000332-8
005 20090409104820.0
008 830127s19uu    |||||||  |||| |0||||eng|d
035 0 $aocn424456178
245 00$aPainting, sculpture /$cCornell University, College of Architecture.
260 0 $a[Ithaca, N.Y.] :$bThe College of Architecture,$c[19--?]
300   $a[12] p. :$bill. ;$c53 x 44 folded to 18 x 22 cm.
650  0$aPainting$xStudy and teaching.
650  0$aSculpture$xStudy and teaching.
710 2 $aCornell University.$bCollege of Architecture.
988   $a20020608
906   $0MH

