LEADER 00584naa a2200181K  4500
001 000000333-6
005 20020606090541.3
008 930830s1911    xxu           000 0 eng d
035 0 $aocm22655737
040   $aFLL$cFLL
090   $aSB469.5.H3$bP73x
100 1 $aPray, James Sturgis.
245 14$aThe department of landscape architecture in Harvard University.
610 20$aHarvard University.$bDepartment of Landscape Architecture.
650  0$aLandscape architecture$xStudy and teaching.
773 0 $aLandscape architecture, January 1911, vol.1, p.53-70.
988   $a20020608
906   $0MH

