LEADER 00953cam a2200241I  4500
001 000000334-4
005 20080905105927.0
008 791203s1935    ohuf          000 0 eng  
010   $a   35016159 
035 0 $aocm05754200
040   $aDLC$cCLE$dFLL
050   $aT171.C49$bS3
082   $a607.77178
100 1 $aSchneider, Herman,$d1872-1939.
245 10$aThirty years of educational pioneering;$bthe philosophy of the cooperative system and its practical test,$cby Herman Schneider.
246 3 $acooperative system.
260   $a[Cincinnati]$bUniversity of Cincinnati,$c1935.
300   $a28 p., 2 ℓ. incl. front., plates.$c26 cm.
610 10$aUniversity of Cincinnati.$bCollege of Engineering and Commerce.
650  0$aTechnical education.
776 08$iOnline version:$aSchneider, Herman, 1872-1939.$tThirty years of educational pioneering.$d[Cincinnati] University of Cincinnati, 1935$w(OCoLC)595448895
988   $a20020608
906   $0DLC

