LEADER 00649nam a22001697u 4500
001 000000335-2
005 20020606090541.3
008 830127|1938    |||||||  |||| |0||||eng|d
035 0 $aocm81081478
245 00$aTabulation of professional incomes of the graduates :$bDepartment of Landscape Architecture Harvard University, Cambridge, Mass.
260 0 $a[Cambridge, Mass. :$bThe University,$c1938]
300   $a[2] p. :$bcharts ;$c28 cm.
500   $aIncludes 3 page cover letter written by Bremer W. Pond.
650  0$aLandscape architects$xEmployment.
710 2 $aHarvard University.$bDepartment of Landscape Architecture.
988   $a20020608
906   $0MH

