LEADER 00765nam a22001937u 4500
001 000000336-0
005 20090409104922.0
008 830127s19uu    |||||||  |||| |0||||eng|d
035 0 $aocn424456179
245 04$aThe University of Michigan College of Architecture and Design :$barchitecture, landscape architecture...
260 0 $a[Ann Arbor, Mich.] :$bThe University,$c[19--?]
300   $a[3] p. ;$c28 cm.
500   $aIncludes separate typescript letter from H.O. Whittemore.
610 20$aUniversity of Michigan.$bCollege of Architecture and Design.
650  0$aLandscape architecture$xStudy and teaching$zMichigan$zAnn Arbor.
700 1 $aWhittemore, H. O.
710 2 $aUniversity of Michigan.$bCollege of Architecture and Design.
988   $a20020608
906   $0MH

