LEADER 00875nam a22002297u 4500
001 000000337-9
005 20020606090541.3
008 830127|1940    |||||||  |||| |0||||eng|d
035 0 $aocm80075572
245 00$aWalden :$ba study of the development of a land area ...
260 0 $a[Cambridge, Mass. :$bHarvard University?,$c1940]
300   $a[16] p., [10] leaves of plates :$bill. ;$c29 cm.
500   $aTypescript.
500   $aCollaborative problem issued at beginning of Summer Session Architectural and Landscape Design.
500   $aPreface written by Walter F. Bogner; Hubert Owens and Samuel Snow credited for major part of the text.
650  0$aLandscape architecture$zMassachusetts.
650  0$aLand use$xPlanning$xStudy and teaching.
700 1 $aOwens, Hubert B.
700 1 $aSnow, Samuel P.
700 1 $aBogner, Walter F.
988   $a20020608
906   $0MH

