LEADER 00688nam a22001937u 4500
001 000000338-7
005 20020606090541.3
008 830127|1937    |||||||  |||| |0||||eng|d
035 0 $aocm83476532
100 1 $aWaugh, F. A.$q(Frank Albert),$d1869-1943.
245 10$aLandscape architecture at Massachusetts State College /$caddress by Frank A. Waugh.
260 0 $a[Amherst, Mass.?] :$bF.A. Waugh,$c1937.
300   $a[7] p. ;$c28 cm.
500   $aPresented at Conference of Landscape Architecture Alumni, Dec. 11, 1937.
500   $aTypescript.
650  0$aLandscape architecture$xStudy and teaching$zMassachusetts.
710 2 $aMassachusetts State College.
988   $a20020608
906   $0MH

