LEADER 00654nam a22001697u 4500
001 000000339-5
005 20020606090541.3
008 830127|1964    |||||||  |||| |0||||eng|d
035 0 $aocm81266615
245 00$a1963-64 list of accredited schools in landscape architecture /$cissued by the Committee on Education, American Society of Landscape Architects.
260 0 $aAthens, Ga. :$bThe Committee,$c1964.
300   $a[1] p. ;$c28 cm.
650  0$aLandscape architecture$xStudy and teaching.
650  0$aLandscape architecture$xVocational guidance.
710 2 $aAmerican Society of Landscape Architects.$bCommittee on Education.
988   $a20020608
906   $0MH

