LEADER 00628nam a22001697u 4500
001 000000340-9
005 20090409105027.0
008 830127s19uu    |||||||  |||| |0||||eng|d
035 0 $aocn424456180
245 00$aLandscape architecture :$ba young profession with a bright future.
260 0 $a[College Station, Tex.] :$bA & M College of Texas,$c[19--?]
300   $a1 folded sheet (4 p.) :$bill. ;$c28 x 22 cm. folded to 9 x 22 cm.
650  0$aLandscape architecture$xStudy and teaching.
650  0$aLandscape architecture$xVocational guidance.
710 2 $aAgriculture and Mechanical College of Texas.
988   $a20020608
906   $0MH

