LEADER 00654nam a22001697u 4500
001 000000341-7
005 20020606090541.3
008 830127|1966    |||||||  |||| |0||||eng|d
035 0 $aocm84938395
245 00$a1966-67 list of accredited schools in landscape architecture /$cissued by the Committee on Education, American Society of Landscape Architects.
260 0 $aEugene, Or. :$bThe Committee,$c1966.
300   $a[1] p. ;$c28 cm.
650  0$aLandscape architecture$xStudy and teaching.
650  0$aLandscape architecture$xVocational guidance.
710 2 $aAmerican Society of Landscape Architects.$bCommittee on Education.
988   $a20020608
906   $0MH

