LEADER 00759cam a2200229Ia 4500
001 000000342-5
005 20090924103447.0
008 850423s1972    dcu     a     000 0 eng d
035 0 $aocm11950212
040   $aOSU$cOSU$dm/c$dFLL
043   $an-us---
050  4$aSB469.4.U5$bH57
090   $aSB469.4.U5$bH57
245 00$aHistory of schools of landscape architecture.
260   $a[Washington, D.C.] :$bCouncil on Education, American Society of Landscape Architects,$c[1972?]
300   $a86 p. ;$c28 cm.
500   $aCover title.
650  0$aLandscape architecture$xStudy and teaching$zUnited States$xHistory.
655  7$aHistory.$2fast
710 2 $aAmerican Society of Landscape Architects.$bCouncil on Education.
988   $a20020608
906   $0OCLC

