LEADER 00693nam a2200205K  4500
001 000000343-3
005 20020606090541.3
008 930324s1958    vau          s000 0 eng d
035 0 $aocm82240529
040   $aFLL$cFLL
100 1 $aBeecher, Albert S.
245 10$aMaking a landscape model.
260   $aBlacksburg, Va.,$bVirginia Polytechnic Institute. Agricultural Extension Service.$c1958.
300   $a7 p.$bphotos, plans.
650  0$aLandscape architecture$xStudy and teaching.
650  0$aModels and modelmaking.
690  9$aLandscape architecture$xStudy and teaching.$5des
710 2 $aVirginia Polytechnic Institute.$bAgriculture Extension Service.
988   $a20020608
906   $0MH

