LEADER 01022nam a2200289Ii 4500
001 000000344-1
005 20050319134044.0
008 760525s1951    enk           00000 eng  
010   $aagr51000093 
035 0 $aocm02192367
040   $aDLC$cDLM
050 0 $aSB472$b.H27
082   $a712.074
110 2 $aHarvard University.$bDepartment of Landscape Architecture.
245 10$aLandscape architecture /$cedited by Lester Collins and Thomas Gillespie.
260 1 $aCambridge :$bThe University,$c1951.
300   $a76 p. :$bill., map, plans ;$c28 cm.
650  0$aLandscape architecture.
610 20$aHarvard University.$bGraduate School of Design.
610 20$aHarvard University.$bDepartment of Landscape Architecture.
690  9$aLandscape architecture.$5des
690  9$aLandscape architecture$xHistory.$5des
690  9$aLandscape architecture$xDefinition.$5des
700 1 $aCollins, Lester Albertson,$d1914-
700 1 $aGillespie, Thomas MacDougall,$d1911-$eed.
988   $a20020608
906   $0DLC

