LEADER 00494nam a22001577u 4500
001 000000345-X
005 20020606090541.3
008 830127|19001955|||||||  |||| |0||||eng|d
245 00$aYour career in landscape architecture.
260 0 $a[Ames, Iowa :$bIowa State College,$c19--?]
300   $a[7] p. :$bill. ;$c90 x 230 mm.
650  0$aLandscape architecture$xStudy and teaching.
650  0$aLandscape architecture$xVocational guidance.
710 2 $aIowa State College.
988   $a20020608
906   $0MH

