LEADER 00574nam a22001697u 4500
001 000000346-8
005 20020606090541.3
008 830127|1962    |||||||  |||| |0||||eng|d
035 0 $aocm79204993
245 00$aCareers in landscape architecture.
260 0 $a[Baton Rouge, La.] :$bLouisiana State University,$c[1962]
300   $a[2] p. :$bill. ;$c28 cm.
650  0$aLandscape architecture$xStudy and teaching.
650  0$aLandscape architecture$xVocational guidance.
710 2 $aLouisiana State University and Agricultural and Mechanical College
988   $a20020608
906   $0MH

