LEADER 00683nam a22001697u 4500
001 000000347-6
005 20090409105057.0
008 830127s19uu    |||||||  |||| |0||||eng|d
035 0 $aocn424456181
245 00$aAnnouncement /$cthe Department of Landscape Architecture and Urban Planning, Michigan State College.
260 0 $aEast Lansing, Mich. :$bMichigan State College,$c[19--?]
300   $a[3] p. ;$c23 cm.
610 20$aMichigan State College.$bDepartment of Landscape Architecture and Urban Planning.
650  0$aLandscape architecture$xStudy and teaching.
710 2 $aMichigan State College.$bDepartment of Landscape Architecture and Urban Planning.
988   $a20020608
906   $0MH

