LEADER 00653nam a22001937u 4500
001 000000348-4
005 20020606090541.3
008 830127|1914    |||||||  |||| |0||||eng|d
035 0 $aocm18708620
245 00$aFifty years of forestry at Michigan State College.
246 3 $a50 years of forestry at Michigan State College.
260 0 $a[East Lansing], Mich. :$bThe College,$c1953.
300   $a32 p. :$bill. ;$c23 cm.
500   $aGolden anniversary celebration held May 22-23, 1953.
610 20$aMichigan State College$xAnniversaries, etc.
650  0$aForestry schools and education.
710 2 $aMichigan State College.
988   $a20020608
906   $0MH

