LEADER 00749nam a22002057u 4500
001 000000349-2
005 20020606090541.3
008 830127|1932    |||||||  |||| |0||||eng|d
035 0 $aocm80601007
100 1 $aSimonds, Ossian Cole,$d1855-
245 10$aNature as the great teacher :$bin landscape gardening / by O.C. Simonds.
260 0 $aChicago, Ill. :$bO.C. Simonds,$c1932.
300   $a[13] p. ;$c28 cm.
500   $aTypescript.
500   $aAddress given before the landscape gardening students of theUniversity of Illinois, January 12, 1932.
650  0$aLandscape gardening.
710 2 $aUniversity of Illinois (Urbana-Champaign campus)
773 0 $aLandscape architecture, Jan. 1932, v.22, no. 2, p.100-108.
988   $a20020608
906   $0MH

