LEADER 00815nam a22001817u 4500
001 000000350-6
005 20090409105130.0
008 830127s19uu    |||||||  |||| |0||||eng|d
035 0 $aocm79707797
245 02$aA Career in landscape architecture /$cDepartment of Landscape Architecture and Urban Planning, Michigan State College.
260 0 $aEast Lansing, Mich. :$bThe College,$c[19--?]
300   $a[8] p. :$bill., maps ;$c21 x 23 cm. folded to 11 x 23 cm.
610 20$aMichigan State College.$bDepartment of Landscape Architecture and Urban Planning.
650  0$aLandscape architecture$xStudy and teaching$zMichigan$zEast Lansing.
650  0$aLandscape architecture$xVocational guidance.
710 2 $aMichigan State College.$bDepartment of Landscape Architecture and Urban Planning.
988   $a20020608
906   $0MH

