LEADER 00734nam a22001937u 4500
001 000000351-4
005 20090712065744.0
008 830127|1949    |||||||  |||| |0||||eng|d
035 0 $aocm80600383
245 00$aEducation at the School of Design of the North Carolina State College.
260 0 $aRaleigh, N.C. :$bThe College,$c[1949]
300   $a24 p. :$bill., plan ;$c18 cm.
650  0$aIndustrial design$xStudy and teaching$zNorth Carolina.
610 20$aNorth Carolina State College.$bSchool of Design.
650  0$aArchitecture$xStudy and teaching$zNorth Carolina.
650  0$aLandscape architecture$xStudy and teaching$zNorth Carolina.
710 2 $aNorth Carolina State College.$bSchool of Design.
988   $a20020608
906   $0MH

