LEADER 00739nam a2200193K  4500
001 000000352-2
005 20020606090541.3
008 930706s1955    ilu           000 0 eng d
035 0 $aocm79779281
040   $aFLL$cFLL
110 1 $aIllinois.$bUniversity.$bDepartment of City Planning and Landscape Architecture.
245 10$aLandscape architecture at the University of Illinois.
260   $aUrbana, Ill.,$bThe University.$c[1955?]
300   $a[4] p.$bphotos., plans.
610 20$aUniversity of Illinois at Urbana-Champaign.$bDepartment of City Planning and Landscape Architecture.
650  0$aLandscape architecture$xStudy and teaching$zIllinois$zUrbana.
690  9$aLandscape architecture$xS. & t.$5des
988   $a20020608
906   $0MH

