LEADER 00504nam a22001577u 4500
001 000000353-0
005 20050809144849.0
008 830127|1953    |||||||  |||| |0||||eng|d
035 0 $aocm81988573
245 00$aLandscape architecture :$b[announcement] /$cUniversity of Pennsylvania.
260 0 $a[Philadelphia, Pa. :$bThe University,$c1953]
300   $a[1] p. ;$c21 cm.
650  0$aLandscape architecture$xStudy and teaching$zPennsylvania.
710 2 $aUniversity of Pennsylvania.
988   $a20020608
906   $0MH

