LEADER 00835nam a22002057u 4500
001 000000354-9
005 20020606090541.3
008 830127|1921    |||||||  |||| |0||||eng|d
035 0 $aocm79204997
100 1 $aMawson, Thomas Hayton,$d1861-1933.
245 10$aProspectus of the school of landscape architecture, Caton Hall, near Lancaster /$cThomas H. Mawson assisted by E. Prentiss Mawson.
260 0 $a[Caton, Lancashire :$bThe School,$c1921]
300   $a15 p. :$bill., port. ;$c22 cm.
504   $aBibliography : p. 14-15.
610 20$aCaton Hall (Caton, Lancashire).$bSchool of Landscape Architecture.
650  0$aLandscape architecture$xStudy and teaching$zEngland$zLancashire.
700 1 $aMawson, Edward Prentiss.
710 2 $aCaton Hall (Caton, Lancashire).$bSchool of Landscape Architecture.
988   $a20020608
906   $0MH

