LEADER 00640nam a22001817u 4500
001 000000355-7
005 20020606090541.3
008 830127|1954    |||||||  |||| |0||||eng|d
035 0 $aocm80075637
245 00$aCourse on public park and garden design /$cYork Institute of Architectural Study.
260 0 $a[Yorkshire, Eng.] :$bThe Institute,$c1954.
300   $a6 p. ;$c25 cm.
500   $aIncludes application for enrollment.
650  0$aParks$xStudy and teaching$zEngland$zYorkshire.
650  0$aLandscape gardening$xStudy and teaching$zEngland$zYorkshire.
710 2 $aYork Institute of Architectural Study.
988   $a20020608
906   $0MH

