LEADER 00505nam a22001577u 4500
001 000000356-5
005 20020606090541.3
008 830127|1951    |||||||  |||| |0||||fre|d
035 0 $aocm81316578
245 00$aArchitecture des jardins :$bprogramme /$cAtelier-École, Lausanne.
260 0 $aLausanne, [Switzerland] :$bL'École,$c[1951]
300   $a[15] p. :$bill. ;$c30 cm.
650  0$aLandscape architecture$xStudy and teaching.
710 2 $aAtelier-École (Lausanne, Switzerland)
988   $a20020608
906   $0MH

