LEADER 00614nam a2200193K  4500
001 000000357-3
005 20020606090541.3
008 930429s1948    fr            000 0 fre d
035 0 $aocm77743790
040   $aFLL$cFLL
100 1 $aDelerse, Lucien.
245 10$aHistoire de l'art;$bles jardins, questionnaire.
260   $aLausanne, France,$bAtelier-École$c[1948?]
300   $a[28] p.$billus., plans.
650  0$aLandscape architecture$xExaminations, questions, etc.
691  9$aLandscape architecture$xHistory.$5des
691  9$aLandscape architecture$xStudy and teaching.$5des
988   $a20020608
906   $0MH

