LEADER 00406nam a22001577u 4500
001 000000358-1
005 20020606090541.3
008 830127|1910    |||||||  |||| |0||||eng|d
035 0 $aocn188264043
100 1 $aPond, Allen B.
245 12$aA gospel of beauty /$cby Allen B. Pond.
260 0 $a[Chicago, Ill.? :$bA.B. Pond?,$c1910?]
300   $a7 p. ;$c29 cm.
650  0$aAesthetics.
988   $a20020608
906   $0MH

