LEADER 00578nam a22001817u 4500
001 000000359-X
005 20020606090541.3
008 830127|1935    |||||||  |||| |0||||eng|d
035 0 $aocn188264063
100 1 $aBryant, H. C.$q(Harold Child),$d1886-1968.
245 10$aNature guiding /$cby Harold C. Bryant.
260 0 $aWashington, D.C. :$bAmerican Nature Association,$c[1935?]
300   $a12 p. ;$c23 cm.
490 0 $aAmerican Nature Association bulletin ;$vno. 17
650  0$aNature study$zUnited States.
710 2 $aAmerican Nature Association.
988   $a20020608
906   $0MH

