LEADER 00595nam a22001817u 4500
001 000000360-3
005 20020606090541.3
008 830127|1922    |||||||  |||| |0||||eng|d
035 0 $aocm78722478
100 1 $aWaugh, F. A.$q(Frank Albert),$d1869-1943.
245 10$aArt for all.
260 0 $a[Amherst, Mass. :$bF.A. Waugh,$c1922]
300   $a10 p. ;$c23 cm.
500   $aReprinted from: School and society, V. 15, no. 382, April 22, 1922.
650  0$aNature (Aesthetics)$xStudy and teaching$zUnited States.
650  0$aLandscape$xStudy and teaching$zUnited States.
988   $a20020608
906   $0MH

