LEADER 00620nam a22001817u 4500
001 000000361-1
005 20020606090541.3
008 830127|1929    |||||||  |||| |0||||eng|d
035 0 $aocm80917470
245 00$aNotes on modern design :$bcomments and a reading list /$cprepared by the Art Department of the Public Library of Newark, N.J.
260 0 $aNewark, N.J. :$bThe Department,$c1929.
300   $a[4] p. ;$c20 cm.
650  0$aArt, Modern$y20th century$xBibliography.
650  0$aArchitecture, Modern$y20th century$xBibliography.
650  0$aDesign.
710 2 $aNewark Public Library.
988   $a20020608
906   $0MH

