LEADER 00826nam a22002177u 4500
001 000000362-X
005 20020606090541.3
008 830127s1950    iluab    b    001|0 eng d
035 0 $aocm05161039
100 1 $aMacbride, J. Francis$q(James Francis),$d1892-
245 10$aNatural landscapes of the United States /$cby J. Francis Macbride.
260 0 $a[Chicago, Ill.] :$bChicago Natural History Museum,$c1950.
300   $a47 p. :$bill., maps ;$c22 cm.
490 1 $aChicago Natural History Museum popular series. Botany ;$vno.27
500   $aIncludes bibliographical references (p. 44-45) and index.
650  0$aForest reserves$zUnited States.
650  0$aLandscape$zUnited States$vPopular works.
710 2 $aChicago Natural History Museum.
830  0$aPopular series.$pBotany ;$vno. 27.
988   $a20020608
906   $0MH

