LEADER 00676nam a22002057u 4500
001 000000363-8
005 20020606090541.3
008 830127|1967    |||||||  |||| |0||||eng|d
035 0 $aocm81170879
245 00$aSymposium :$bmethods of landscape analysis /$cLandscape Research Group.
260 0 $aLondon, [England] :$bThe Group,$c1967.
300   $a50 p. :$bill., maps ;$c30 cm.
500   $aProceedings edited by A.C. Murray.
500   $aSymposium held 3 May 1967.
650  0$aLandscape architecture$xCongresses.
650  0$aLandscape assessment$xCongresses.
700 1 $aMurray, A. C.
710 2 $aLandscape Research Group (Great Britain)
988   $a20020608
906   $0MH

