LEADER 00777nam a2200241K  4500
001 000000364-6
005 20090604110222.0
008 930715s1964    nyuab         000 0 eng d
035 0 $aocn154316940
040   $aFLL$cFLL
043   $ae-uk-en
100 1 $aLowenthal, David.
245 14$aThe English Landscape /$cby David Lowenthal and Hugh C. Prince.
260   $aNew York :$bAmerican Geographical Society,$c1964.
300   $ap. [309]-346 :$bill., 1 map ;$c26 cm.
500   $aOffprint: The Geographical Review. Vol. 54, no. 3 (July 1964).
650  0$aLandscape$zEngland.
650  0$aLandscape architecture$zEngland.
690  9$aLandscape$zGreat Britain. England.$5des
700 1 $aPrince, Hugh C.
730 0 $aGeographical review.
988   $a20020608
906   $0MH

