LEADER 00645nam a2200205K  4500
001 000000365-4
005 20020606090541.3
008 930715r1965    nyu           000 0 eng d
035 0 $aocm78628621
040   $aFLL$cFLL
100 1 $aLowenthal, David.
245 10$aEnglish Landscape tastes,$cby David Lowenthal and Hugh C. Prince.
260   $aNew York,$bAmerican Geographical Society,$c1965.
300   $a186-222 p.$billus.
500   $a[Reprint from The Geographical Review, v. LV, no. 2, 1965.]
650  0$aLandscape$zEngland.
690  9$aLandscape$zGreat Britain. England.$5des
700 1 $aPrince, Hugh C.
988   $a20020608
906   $0MH

