LEADER 00526nam a22001697u 4500
001 000000366-2
005 20020606090541.3
008 830127|1966    |||||||  |||| |0||||eng|d
035 0 $aocm82006986
100 1 $aLowenthal, David.
245 10$aAmerica as scenery /$c[David Lowenthal]
260 0 $a[New York :$bThe American Geographical Society?],$c1966.
300   $a[4] p. ;$c26 cm.
500   $aReprinted from: The Geographic review, v. 55, no. 1, January, 1966.
650  0$aLandscape$zUnited States.
988   $a20020608
906   $0MH

