LEADER 00627nam a22001697u 4500
001 000000367-0
005 20020606090541.3
008 830127|1943    |||||||  |||| |0||||ger|d
035 0 $aocm80514933
100 1 $aEngler, Adolf,$d1844-1930.
245 10$aGärtnerische Betrachtungen zur Landschaftsgestaltung /$cvon Ad. Engler.
260 0 $aZurich, Switzerland :$bVerlag Art. Institut Ovell Füssli A.-G,$c[1943?].
300   $a8 p. :$bill. ;$c30 cm.
500   $aReprinted from: Sonderabdruck aus der Schweizerischen Technischen Zeitschrift, no 20 (1943).
650  0$aLandscape architecture$zSwitzerland.
988   $a20020608
906   $0MH

