LEADER 00572nam a22001697u 4500
001 000000368-9
005 20090409105202.0
008 830127s19uu    |||||||  |||| |0||||eng|d
035 0 $aocm02221052
245 04$aThe American scene 1820-1870 :$ban exhibition of the American landscape by American painters.
260 0 $a[New York, N.Y. :$bNewhouse Galleries,$c19--?]
300   $a46 p. :$bill. ;$c25 cm.
650  0$aArt, American$xExhibitions.
650  0$aLandscape painting, American$xExhibitions.
710 2 $aNewhouse Galleries (New York, N.Y.)
988   $a20020608
906   $0MH

