LEADER 00668nam a22001697u 4500
001 000000369-7
005 20020606090541.3
008 830127|1953    |||||||  |||| |0||||eng|d
035 0 $aocn232006396
245 00$aEarliest American landscapes :$bovermantel and wall paintings ... ; special loan exhibition Oct. 23, 1952 to Jan. 4, 1953, The American Wing of the Metropolitan Museum of Art.
250   $a[New York, N.Y.? :$bThe Museum?,$c1952]
300   $a[6] p. ;$c28 cm.
500   $aTypescript list.
650  0$aArt, American$zNew York (State)$zNew York$xExhibitions.
710 2 $aMetropolitan Museum of Art (New York, N.Y.).$bAmerican Wing.
988   $a20020608
906   $0MH

