LEADER 00840nam a22002177u 4500
001 000000370-0
005 20020606090541.3
008 830127|1966    |||||||  |||| |0||||eng|d
035 0 $aocn188264121
100 1 $aProkopoff, Stephen S.
245 14$aThe flight into Egypt and the development of landscape /$cexhibition and catalogue prepared by Stephen Prokopoff.
260 0 $aSaratoga Springs, N.Y. :$bSkidmore College,$c1966.
300   $a[8] p. ;$c23 cm.
500   $aIncludes Narrative into landscape, written by James Kettlewell, and a list of works on exhibit.
500   $aExhibition held in Hathorn Gallery, Skidmore College, November 29 to December 17, 1966.
650  0$aArt$xExhibitions.
650  0$aLandscapes in art$xExhibitions.
700 1 $aKettlewell, James.
710 2 $aSkidmore College.
988   $a20020608
906   $0MH

