LEADER 00467naa a2200169K  4500
001 000000371-9
005 20020606090541.3
008 931129s1930    xxu           000 0 eng d
035 0 $aocm82854174
040   $aFLL$cFLL
100 1 $aWheelwright, Robert.
245 10$aThoughts on problems of form.
650  0$aLandscape architecture.
650  0$aArchitecture$xPhilosophy.
773 0 $aLandscape architecture, October 1930, vol. 21:1, p.1-10.
988   $a20020608
906   $0MH

