LEADER 00552nam a22001817u 4500
001 000000372-7
005 20020606090541.3
008 830127|1942    |||||||  |||| |0||||eng|d
035 0 $aocm84930458
245 00$aAmerican war standard :$bspecification and description of color, approved June 17, 1942.
260 0b$aNew York, N.Y. :$bAmerican Standards Association,$c[1942?]
300   $a[3] p. ;$c28 cm.
650  0$aColorimetry.
650  0$aSpectrophotometry.
650  0$aColor.
710 2 $aAmerican Standards Association.
988   $a20020608
906   $0MH

