LEADER 00635nam a2200217K  4500
001 000000373-5
005 20020606090541.3
008 930917s1940    ilu           000 0 eng d
035 0 $aocm77204456
040   $aFLL$cFLL
100 1 $aShade, Chloris.
245 10$aLandscape gardening.
250   $a2d ed. rev.
260   $aChicago, Ill.,$bMorgan, Dillon and Co.$cc1940.
300   $a23 p.
440  0$aSuccess vocational information series,$vno. 35
650  0$aLandscape architecture$xVocational guidance.
690  9$aLandscape architecture$xProf. practice.$5des
710 2 $aMorgan, Dillon and Co.
988   $a20020608
906   $0MH

