LEADER 00579nam a22001697u 4500
001 000000374-3
005 20020606090541.3
008 830127|1905    |||||||  |||| |0||||eng|d
035 0 $aocm84568890
100 1 $aWeed, Howard Evarts.
245 14$aThe landscape architect and his work :$ban address given before the Chicago Architectural Club /$cby Howard Evarts Weed.
260 0 $a[S.l. :$bs.n.?],$c1905.
300   $a[8] p. ;$c16 cm.
500   $aReprinted from: The Inland architect, March, 1905.
650  0$aLandscape architecture$xVocational guidance.
988   $a20020608
906   $0MH

