LEADER 00543nam a22001457u 4500
001 000000375-1
005 20090409105255.0
008 830127s1950    |||||||  |||| |0||||eng|d
245 00$aLandscape architecture :$ba professional career in land planning.
260   $a[Boston, Mass. :$6American Society of Landscape Architects,$c1950]
300   $a1 folded sheet (6 p.) :$bill. ;$c31 x 23 cm. folded to 11 x 23 cm.
650  0$aLandscape architecture$xVocational guidance.
710 2 $aAmerican Society of Landscape Architects.
988   $a20020608
906   $0MH

