LEADER 00701nam a22001697u 4500
001 000000376-X
005 20090409105323.0
008 830127s19uu    |||||||  |||| |0||||eng|d
035 0 $aocm84029145
245 00$aYour landscape architect :$blandscaping of Beautility House at the Better Homes Exposition /$cdesigned by Pennsylvania Chapter, American Society of Landscape Architects.
260 0 $aPennsylvania :$bThe Pennsylvania Chapter,$c[19--?]
300   $a[3] p. ;$c14 cm.
500   $aAlternate title: A.B.C.'s of landscape architecture.
650  0$aLandscape architecture$xVocational guidance.
710 2 $aAmerican Society of Landscape Architects.$bPennsylvania Chapter.
988   $a20020608
906   $0MH

