LEADER 00544nam a22001577u 4500
001 000000377-8
005 20020606090541.3
008 830127|1941    |||||||  |||| |0||||dan|d
035 0 $aocm81155697
110 2 $aFaellesrådet for Havekulter og Landskabsgartneri (Denmark)
245 10$aFaellesrådet for Havekulter og Landskabsgartneri :$b[brochure]
260 0 $aKøbenhavn, Denmark:$bFaellesrådet,$c1941.
300   $a1 folded sheet (4 p.) ;$c17 cm.
610 20$aFaellesrådet for Havekulter og Landskabsgartneri (Denmark)
988   $a20020608
906   $0MH

