LEADER 00685nam a22001817u 4500
001 000000378-6
005 20020606090541.3
008 830127|1937    |||||||  |||| |0||||eng|d
035 0 $aocm78390235
110 2 $aArchitectural League of New York.$bAnnual Exhibition$n(51st:$d1937 :$cNew York, N.Y.)
245 10$aFifty-first annual exhibition/$cArchitectural League.
260 0 $a[New York?] N.Y. :$bThe League,$c[1937?]
300   $a20 p. ;$c19 cm.
500   $aExhibition held at American Fine Arts Building, 215 West 57th Street, New York, N.Y., April 21 to May 15, 1937.
650  0$aArchitecture$xExhibitions
710 2 $aArchitectural League of New York.
988   $a20020608
906   $0MH

