LEADER 00684nam a22001937u 4500
001 000000379-4
005 20020606090541.3
008 830127|1916    |||||||  |||| |0||||eng|d
035 0 $aocm81856724
110 1 $aMassachusetts.
240 10$aSchools of Agriculture and Horticulture Act
245 13$aAn act to authorize cities to maintain schools of agriculture and horticulture.
260 0 $a[Boston? :$bThe State?],$c1916.
300   $a1 p. ;$c24 cm.
500  0$a"General acts, chap. 185."
650  0$aHorticulture$xStudy and teaching$xLaw and legislation$zMassachusetts.
650  0$aAgriculture$xStudy and teaching$xLaw and legislation$zMassachusetts.
988   $a20020608
906   $0MH

