LEADER 00466nam a22001577u 4500
001 000000380-8
005 20020606090541.3
008 830127|        mau||||  |||| |0||||eng|d
035 0 $aocm79779287
110 2 $aCambridge School.
245 14$aThe Cambridge School of Domestic Architecture and Landscape Architecture.
260 0 $a[Cambridge, Mass. :$bThe School,$c1932]
300   $a1 folded sheet (4 p.) ;$c22 cm.
610 20$aCambridge School.
988   $a20020608
906   $0MH

