LEADER 00704nam a22001817u 4500
001 000000381-6
005 20020606090541.3
008 830127|1928    |||||||  |||| |0||||eng|d
035 0 $aocm81856971
245 00$aSecond travel course in Europe for students in architecture and landscape architecture/$cconducted by The Cambridge School of Domestic Architecture and Landscape Architecture.
260 0 $a[Cambridge, Mass.? :$bThe School?], 1928.
300   $a[6] p. ;$c23 cm.
490 0 $aBulletin ;$vno. 20
500   $aIncludes itinerary.
650  0$aLandscape architecture$xStudy and teaching.
710 2 $aCambridge School of Domestic Architecture and Landscape Architecture.
988   $a20020608
906   $0MH

