LEADER 00726nam a2200205K  4500
001 000000382-4
005 20020606090541.3
008 930327n        mau           000 0 eng d
035 0 $aocm83846789
040   $aFLL$cFLL
110 2 $aCambridge School of Domestic Architecture and Landscape Architecture.
245 12$aA summer school at Oxford for students in Architecture and Landscape Architecture.
260   $aCambridge, Mass.$bThe School.
650  0$aLandscape architecture$xStudy and teaching$zEngland$zOxfordshire.
651  0$aFrance$xTours.
651  0$aEngland$xTours.
690  9$aLandscape architecture$xStudy & teaching.$5des
690  9$aLandscape architecture$xStudy tours.$5des
988   $a20020608
906   $0MH

