LEADER 00567nam a22001577u 4500
001 000000383-2
005 20020606090541.3
008 830127|1966    |||||||  |||| |0||||eng|d
035 0 $aocm83476539
245 00$aSelection of a professional landscape architect.
260 0 $a[Washington, D.C. :$bCommittee on Professional Service, American Society of Landscape Architects,$c1966]
300   $a[8] p. ;$c22 cm.
650  0$aLandscape architecture$xPractice.
710 2 $aAmerican Society of Landscape Architects.$bCommittee on Professional Service.
988   $a20020608
906   $0MH

