LEADER 00825nam a2200241I  4500
001 000000384-0
005 20020606090541.3
008 761207s1949    xx            000 0 eng  
010   $a   49005569 
035 0 $aocm02604320
040   $aDLC$cOHI$dFLL
050   $aHF5381$b.C9
082   $a371.425
100 1 $aCunningham, Ed,$d1913-
245 10$aYour career;$bhow to choose a profession and how to prepare for it,$cby Ed Cunningham and Leonard Reed. Aptitude guide prepared by Harold Cash.
260   $aNew York,$bSimon and Schuster,$c1949.
300   $a72 p.$c23 cm.
500   $aAn expansion of the author's Job barometers, serialized in Pie magazine.
650  0$aVocational guidance.
700 1 $aReed, Leonard,$d1918-$ejoint author.
700 1 $aReed, Leonard,$d1918-$eauthor.
988   $a20020608
906   $0DLC

