LEADER 00957nam a2200229Ii 4500
001 000000385-9
005 20020606090541.3
008 780518s1968    gau           000 0 eng d
035 0 $aocm03906613
040   $aGPM$cGPM$dFLL
050  4$aSB469.5.G4$bG4
090   $aSB469.5.G4$bG4
110 2 $aUniversity of Georgia.$bDivision of Landscape Architecture and Environmental Design.
245 10$aFortieth anniversary celebration :$bsecond refresher course : theme--the next forty years /$cDivision of Landscape Architecture and Environmental Design, University of Georgia.
260   $aAthens, Ga. :$bThe Division,$c1968.
300   $a[112] p. :$bill. ;$c28 cm.
500   $aConference held May 2-4, 1968.
500   $aCover title: Proceedings of the fortieth anniversary celebration.
610 10$aUniversity of Georgia.$bDivision of Landscape Architecture and Environmental Design.
650  0$aLandscape architecture.
988   $a20020608
906   $0OCLC

