LEADER 00697nam a22001817u 4500
001 000000386-7
005 20020606090541.3
008 830127|1960    |||||||  |||| |0||||eng|d
035 0 $aocm78813238
245 00$aCareers in landscape architecture.
260 0 $aAnn Arbor, Mich. :$bBureau of Appointments and Occupational Information, University of Michigan,$c1960.
300   $a3 p. ;$c28 cm.
490 0 $aBureau of Appointments and Occupational Information [bulletin] ;$vvol.I, no.12
500   $aMimeographed typescript.
650  0$aLandscape architecture$xVocational guidance.
710 2 $aUniversity of Michigan.$bBureau of Appointments and Occupational Information.
988   $a20020608
906   $0MH

