LEADER 00483nam a22001457u 4500
001 000000387-5
005 20090409105415.0
008 830127s19uu    |||||||  |||| |0||||eng|d
035 0 $aocm83546108
245 00$aLandscape architecture :$bvocational guidance.
260 0 $aRaleigh, N.C. :$bSchool of Design, North Carolina State College,$c[19--?]
650  0$aLandscape architecture$xVocational guidance.
710 2 $aNorth Carolina State College.$bSchool of Design.
988   $a20020608
906   $0MH

