LEADER 00704nam a22001817u 4500
001 000000388-3
005 20020606090541.3
008 830127|1976    |||||||  |||| |0||||eng|d
035 0 $aocm02863676
245 00$aEmployment outlook for landscape architects.
260 0 $a[Washington, D.C.?] :$bUnited States Department of Labor, Bureau of Labor Statistics :$bfor sale by the Supt. of Docs., U.S. G.P.O.,$c1976.
300   $a[7] p. :$bill. ;$c26 cm.
490 0 $aBureau of Labor Statistics bulletin,$v1875-127
500   $aIncludes list of reprints and order form.
650  0$aLandscape architecture$xVocational guidance.
710 1 $aUnited States.$bBureau of Labor Statistics.
988   $a20020608
906   $0MH

