LEADER 00641nam a22001697u 4500
001 000000389-1
005 20090409105452.0
008 830127s19uu    |||||||  |||| |0||||eng|d
035 0 $aocn424456182
110 2 $aRobert F. White and Associates.
245 10$aFor human use and enjoyment :$ba brochure/$cprepared by Robert F. White and Associates, Landscape Architects and Planning Consultants.
260 0 $a[College Station, Texas? :$bRobert F. White and Associates,$c19--?]
300   $a[3] p. :$bill., plan, ports. ;$c28 cm.
610 20$aRobert F. White and Associates.
650  0$aLandscape architecture$xPractice.
988   $a20020608
906   $0MH

