LEADER 00743nam a2200217K  4500
001 000000390-5
005 20020606090541.3
008 930702s1960    enk           000 0 eng d
035 0 $aocm79007427
040   $aFLL$cFLL
090   $aNAB 1200g85 I
110 2 $aInstitute of Landscape Architects.
245 10$aReport on the recruitment, training, and employment of landscape architects.
260   $aLondon,$bThe Institute.$c1960.
300   $a30 p.$bcharts, tables.
650  0$aLandscape architecture$xVocational guidance.
690  9$aLandscape architecture$xProfessional practice.$5des
690  9$aLandscape architecture$xStudy and teaching.$5des
690  9$aLandscape architecture$zGreat Britain.$5des
988   $a20020608
906   $0MH

