LEADER 00693nam a22001817u 4500
001 000000391-3
005 20020606090541.3
008 830127|1949    |||||||  |||| |0||||eng|d
035 0 $aocm83996392
245 00$aAnnouncing an examination for landscape architect :$b$3,727 to $7,432 a year.
260 0 $aWashington, D.C. :$bUnited States Civil Service Commission,$c1949.
300   $a1 folded sheet (11 p.) ;$c54 x 21 cm. folded to 9 x 21 cm.
490 0 $aU.S. Civil Service Commisision announcement ;$vno. 165
610 20$aUnited States Civil Service Commission.
650  0$aLandscape architecture$xExaminations.
710 2 $aUnited States Civil Service Commission.
988   $a20020608
906   $0MH

