LEADER 00673nam a22001817u 4500
001 000000392-1
005 20020606090541.3
008 830127|1954    |||||||  |||| |0||||eng|d
035 0 $aocm80821665
245 00$aAnnouncing an examination for landscape architect ...
260 0 $aWashington, D.C. :$bU.S. Civil Service Commission,$c1954.
300   $a1 folded sheet (12 p.) ;$c54 x 21 cm. folded to 9 x 21 cm.
490 0 $aU.S. Civil Service Commission announcement ;$vno. 409
610 20$aUnited States Civil Service Commission$xExaminations.
650  0$aLandscape architecture$xExaminations.
710 2 $aUnited States Civil Service Commission.
988   $a20020608
906   $0MH

