LEADER 00768nam a22001937u 4500
001 000000393-X
005 20020606090541.3
008 830127|1949    |||||||  |||| |0||||eng|d
035 0 $aocm80821748
245 00$aAnnouncing examinations for junior professional assistant, $2,974 a year; junior management assistant.
260 0 $aWashington, D.C. :$bU.S. Civil Service Commission,$c1949.
300   $a30 p. ;$c24 cm.
490 0 $aU.S. Civil Service Commission announcement ;$vno. 192
500   $aIncluded separately in folder: correspondence and sample exam questions.
610 20$aUnited States Civil Service Commission$xExaminations.
650  0$aLandscape architecture$xExaminations.
710 2 $aUnited States Civil Service Commission.
988   $a20020608
906   $0MH

