LEADER 00720nam a22001937u 4500
001 000000394-8
005 20090409105522.0
008 830127m19001927|||||||  |||| |0||||eng|d
035 0 $aocn424456183
100 1 $aGreenleaf, James L.
245 10$aWhat the American Society of Landscape Architects has done for the profession oflandscape architecture /$cJames L. Greenleaf.
260 0 $a[Boston, Mass.? :$bThe Society,$c19--?]
300   $a[3] p. ;$c23 cm.
500   $aReprinted from: The Vista, by the American Society of Landscape Architects.
610 20$aAmerican Society of Landscape Architects.
650  0$aLandscape architecture.
710 2 $aAmerican Society of Landscape Architects.
988   $a20020608
906   $0MH

