LEADER 00484nam a22001697u 4500
001 000000395-6
005 20020606090541.3
008 830127|1944    |||||||  |||| |0||||eng|d
035 0 $aocm01559626
245 00$aLandscape gardening.
260 0 $aNew York, N.Y. :$bBoy Scouts of America,$cc1944.
300   $a24 p. :$bill., plans ;$c21 cm.
440  0$aMerit badge series
650  0$aLandscape gardening$xStudy and teaching.
710 2 $aBoy Scouts of America.
988   $a20020608
906   $0MH

