LEADER 00632nam a22001817u 4500
001 000000396-4
005 20020606090541.3
008 830127|1957    |||||||  |||| |0||||eng|d
035 0 $aocm79279915
245 00$aUnited States Civil Service Commission :$bapplication card-form 5001-ABC.
260 0 $a[Washington, D.C.] :$bThe Commission,$c1957.
300   $a[1] p. ;$c16 cm.
500   $aIncludes separately: instruction sheet and application for federal employment.
610 20$aUnited States Civil Service Commission$xForms.
650  0$aLabor$xForms.
710 2 $aUnited States Civil Service Commission.
988   $a20020608
906   $0MH

