LEADER 00496nam a22001577u 4500
001 000000397-2
005 20020606090541.3
008 830127|1945    |||||||  |||| |0||||eng|d
035 0 $aocm82931904
245 04$aThe Veteran and the forest service.
260 0 $a[Washington, D.C.? :$bU.S. Forest Service, Department of Agriculture?,$c1946?]
650  0$aForests and forestry$xVocational guidance.
650  0$aVeterans$xEmployment.
710 1 $aUnited States.$bForest Service.
988   $a20020608
906   $0MH

