LEADER 00562nam a22001697u 4500
001 000000398-0
005 20090409105551.0
008 830127s19uu    |||||||  |||| |0||||eng|d
035 0 $aocn188383435
245 04$aThe Landscape architect and land planning.
260 0 $a[Boston, Mass.? :$bAmerican Society of Landscape Architects?,$c19--?]
300   $a[4] p. :$bill. ;$c28 cm.
650  0$aLandscape architecture$xVocational guidance.
650  0$aCity planning$xVocational guidance.
710 2 $aAmerican Society of Landscape Architects.
988   $a20020608
906   $0MH

