LEADER 00707nam a2200205K  4500
001 000000399-9
005 20020606090541.3
008 930218s1950    mau           000 0 eng d
035 0 $aocm81060411
040   $aFLL$cFLL
110 2 $aAmerican Society of Landscape Architects.
245 10$aLandscape architecture as a future life work:$ba brief description of the field and what it offers.
260   $aBoston, Mass.,$bThe Society.$c1950.
300   $a2 p.
500   $aIncludes a list of schools.
650  0$aLandscape architecture$xVocational guidance.
690  9$aLandscape architecture$xProf. practice.$5des
690  9$aLandscape architecture$xStudy and teaching.$5des
988   $a20020608
906   $0MH

