LEADER 00582nam a22001577u 4500
001 000000400-6
005 20020606090541.3
008 830127|1953    |||||||  |||| |0||||eng|d
035 0 $aocm81266618
245 00$aLandscape architecture as a future life work :$bvocational guidance statement for the professional field /$cby the American Society of Landscape Architects.
260 0 $a[Boston, Mass.? :$bThe Society,$c1953]
300   $a2 p. ;$c28 cm.
650  0$aLandscape architecture$xVocational guidance.
710 2 $aAmerican Society of Landscape Architects.
988   $a20020608
906   $0MH

