LEADER 00763nam a22001937u 4500
001 000000401-4
005 20020606090541.3
008 830127|1947    |||||||  |||| |0||||eng|d
035 0 $aocm83702165
245 00$aAgricultural and biological sciences :$bagronomist, anatomist, ...
260 0 $aWashington, D.C. :$bNational Roster of Scientific and Specialized Personnel, U.S. Employment Service, Department of Labor,$c[1947]
300   $aiii, 39 p. ;$c24 cm.
490 0 $aDescription of professions series pamphlet ;$vno.1
650  0$aAgriculture$xVocational guidance.
650  0$aBiology$xVocational guidance.
710 2 $aNational Roster of Scientific and Specialized Personnel (U.S.)
710 2 $aUnited States Employment Service.
988   $a20020608
906   $0MH

