LEADER 00725nam a22001817u 4500
001 000000402-2
005 20020606090541.3
008 830127|1947    |||||||  |||| |0||||eng|d
035 0 $aocm81700718
245 00$aEngineering sciences :$baeronautical engineer, agricultural engineer, ...
260 0 $aWashington, D.C. :$bNational Roster of Scientific and Specialized Personnel. U.S. Employment Service, Department of Labor,$c[1947]
300   $aiii, 51 p. ;$c24 cm.
490 0 $aDescription of professions series pamphlet ;$vno. 2
650  0$aEngineering$xVocational guidance.
710 2 $aNational Roster of Scientific and Specialized Personnel (U.S.)
710 2 $aUnited States Employment Service.
988   $a20020608
906   $0MH

