LEADER 00697nam a22001817u 4500
001 000000403-0
005 20020606090541.3
008 830127|1947    |||||||  |||| |0||||eng|d
035 0 $aocm81932555
245 00$aSocial sciences :$bactuary, anthropologist, ...
260 0 $aWashington, D.C. :$bNatioal Roster of Scientific and Specialized Personnel; U.S. Employment Service, Department of Labor,$c[1947]
300   $a31 p. ;$c24 cm.
490 0 $aDescription of professions series pamphlet ;$vno. 7
650  0$aSocial sciences$xVocational guidance.
710 2 $aNational Roster of Scientific and Specialized Personnel (U.S.)
710 2 $aUnited States Employment Service.
988   $a20020608
906   $0MH

