LEADER 00663nam a22001697u 4500
001 000000404-9
005 20020606090541.3
008 830127|1945    |||||||  |||| |0||||eng|d
035 0 $aocm82905973
245 00$aDescription of the profession of: landscape architect.
260 0 $a[S.l.?] :$bNational Roster of Scientific and Specialized Personnel, Bureau of Placement, War Manpower Commission,$c[1945]
300   $a3 p. ;$c21 cm.
650  0$aLandscape architecture$xVocational guidance.
710 2 $aNational Roster of Scientific and Specialized Personnel (U.S.)
710 1 $aUnited States.$bWar Manpower Commission.$bBureau of Placement.
988   $a20020608
906   $0MH

