LEADER 00578nam a22001817u 4500
001 000000405-7
005 20020606090541.3
008 830127|1944    |||||||  |||| |0||||eng|d
035 0 $aocm83700775
245 00$aLandscape architect.
250   $aRev. 2nd ed.
260 0 $aNew York, N.Y. :$bOccupational Index, Inc., New York University,$cc1944.
300   $a1 folded sheet (6 p.) ;$c28 x 22 cm. folded to 10 x 22 cm.
490 0 $aOccupational abstract ;$vno. 9
650  0$aLandscape architecture$xVocational guidance.
710 2 $aOccupational Index.
988   $a20020608
906   $0MH

