LEADER 00554nam a2200181K  4500
001 000000406-5
005 20020606090541.3
008 930218s1960    mau           000 0 eng d
035 0 $aocm81472974
040   $aFLL$cFLL
110 2 $aAmerican Society of Landscape Architects.
245 10$aStandard form of agreement between owner and landscape architect.
260   $a[Boston],$bThe Society.$c1960.
300   $a[5] p.
650  0$aLandscape architecture$xForms.
690  9$aLandscape architecture$xProfessional practice.$5des
988   $a20020608
906   $0MH

