LEADER 00915nam a22002417u 4500
001 000000407-3
005 20020606090541.3
008 830127|1972    |||||||  |||| |0||||eng|d
035 0 $aocm12031604
043   $an-us---
050  4$aSB469.33$b.D46
245 00$aDemand for landscape architectural graduates /$cCouncil on Education, American Society of Landscape Architects.
246 3 $aLandscape architectural personnel demand studies
260 0 $a[Washington, D.C.?] :$bThe Society,$c[1972]
300   $a12 [i.e. 20] p. ;$c28 cm.
650  0$aLandscape architecture$xVocational guidance.
650  0$aLandscape architects$xEmployment$zUnited States.
650  0$aLandscape architects$zUnited States$vStatistics.
650  0$aLandscape architecture$zUnited States.
655  7$aStatistics.$2fast
710 2 $aAmerican Society of Landscape Architects.$bCouncil on Education.
988   $a20020608
906   $0MH

