LEADER 01114nam a22002897a 4500
001 000000408-1
005 20070308122313.0
008 830127s1948    dcua     b   f001|0 eng d
035 0 $aocn786330267
035 0 $aocm36477868
043   $an-us---
100 1 $aZapoleon, Marguerite Wykoff.
245 14$aThe outlook for women in architecture and engineering.
260   $aWashington, D.C. :$bU.S. G.P.O.,$c1948.
300   $axi, 88 p. :$bill. ;$c24 cm.
490 1 $aBulletin of the Women's Bureau ;$vno. 223-5
500   $aAt head of title: United States Department of Labor. Women's Bureau.
500   $a"Written by Marguerite Wykoff Zapoleon"--Letter of transmittal.
504   $aIncludes bibliographical references (p. 79-82) and index.
650  0$aWomen architects$zUnited States.
650  0$aArchitecture$xVocational guidance$zUnited States.
650  0$aWomen in engineering$zUnited States.
650  0$aWomen$xVocational guidance$zUnited States.
710 1 $aUnited States.$bWomen's Bureau.
830  0$aBulletin (United States. Women's Bureau) ;$v223-5.
988   $a20020608
906   $0MH

