LEADER 00580nam a22001697u 4500
001 000000409-X
005 20020606090541.3
008 830127|1950    |||||||  |||| |0||||eng|d
035 0 $aocm78272753
245 02$aA Statement of professional practice and basis of charges.
260 0 $aConn. :$bConnecticut Chapter, American Scoiety of Landscape Architects,$c[1950]
300   $a7 p. ;$c28 cm.
650  0$aLandscape architecture$xPractice.
650  0$aLandscape architects$xFees.
710 2 $aAmerican Society of Landscape Architects.$bConnecticut Chapter.
988   $a20020608
906   $0MH

