LEADER 00682nam a2200169Ma 4500
001 000000410-3
005 20020606090541.3
008 880901s1966    dcua    a     000 0 eng d
035 0 $aocm21849104
040   $aCUY$cCUY$dFLL
245 10$aSurvey of landscape architect's salary schedules :$bprivate offices /$cAmerican Society of Landscape Architects.
260   $aWashington, D.C. :$bAmerican Society of Landscape Architects, Committee on Professional Service,$c1966.
300   $a12 p. :$bill. ;$c28 cm.
650  0$aLandscape architects$zUnited States$xSalaries.
710 2 $aAmerican Society of Landscape Architects.$bCommittee on Professional Service.
988   $a20020608
906   $0OCLC

