LEADER 00622nam a22001817u 4500
001 000000411-1
005 20020606090541.3
008 830127|1964    |||||||  |||| |0||||eng|d
035 0 $aocm79909107
245 04$aThe Landscape architect's professional practice and basis of charges.
260 0 $aWashington, D.C. :$bAmerican Society of Landscape Architects,$c[1964]
300   $a7 p. :$bgraph ;$c28 cm.
500   $aInformation for intra-state use only.
650  0$aLandscape architecture$xPractice.
650  0$aLandscape architects$xFees.
710 2 $aAmerican Society of Landscape Architects.
988   $a20020608
906   $0MH

