LEADER 00662nam a22001937u 4500
001 000000412-X
005 20020606090541.3
008 830127|1966    |||||||  |||| |0||||eng|d
035 0 $aocm78759491
245 00$aFederal careers in engineering and the physical sciences.
260 0 $aWashington, D.C. :$bU.S. Civil Service Commission,$c1966.
300   $a11 p. ;$c27 cm.
490 0 $aU.S. Civil Service Commission announcement ;$vno. WA-6-12
650  0$aEngineering$xVocational guidance.
650  0$aLandscape architecture$xVocational guidance.
650  0$aVocational guidance.
710 2 $aUnited States Civil Service Commission.
988   $a20020608
906   $0MH

