LEADER 00482nam a22001577u 4500
001 000000413-8
005 20050920105534.0
008 830127|1918    |||||||  |||| |0||||eng|d
035 0 $aocn188264281
245 04$aThe New social order in America :$ba study syllabus.
260 0 $a[Cincinnati, Ohio :$bHornell Hare],$c1918.
300   $a40 p. ;$c23 cm.
651  0$aUnited States$xSocial conditions$xOutlines, syllabi, etc.
700 1 $aHart, Hornell,$d1888-1967.
988   $a20020608
906   $0MH

