LEADER 00663nam a22001937u 4500
001 000000414-6
005 20020606090541.3
008 830127|1928    |||||||  |||| |0||||eng|d
035 0 $aocm78619518
245 00$aSpecial forms /$cby Clinton H. Blake.
260 0 $aNew York, N.Y. :$bPencil Points Press,$c1928.
300   $a[4] p. ;$c29 cm.
490 0 $aPencil Points Service bulletin
500   $aReprinted from: The Architect's law manual, a book of legal dont's for architects / by Clinton H. Blake.
650  0$aArchitectural practice.
700 1 $aBlake, Clinton H.$q(Clinton Hamlin),$d1883-1947.
710 2 $aPencil Points Press.
988   $a20020608
906   $0MH

