LEADER 00590nam a22001817i 4500
001 000000415-4
005 20020606090541.3
008 791213q19601969xx           s000 0 eng  
010   $a   79128279 
035 0 $aocm17062881
040   $aDLC$cDLC$dm.c.$dFLL
110 1 $aGeorgia.
245 10$aLaw governing the practice of landscape architects in Georgia /$cBen W. Fortson, Jr., C.L. Clifton.
260   $a[ ] :$bGeorgia Board of Landscape Architects,$c[196-]
300   $a8 p. ;$c23 x 10 cm.
650  0$aLandscape architects$xLegal status, laws, etc.$zGeorgia.
988   $a20020608
906   $0DLC

