LEADER 00712nam a22001817u 4500
001 000000416-2
005 20020606090541.3
008 830127|1929    |||||||  |||| |0||||eng|d
035 0 $aocm83878045
245 00$aRegistered architects :$bI. Rules and regulations, II. Indiana Architectural Act /$cState of Indiana Board of Registration for Architects.
260 0 $aIndiana :$bThe Board,$c1929.
300   $a41 p. :$bill. ;$c15 cm.
490 0 $aState of Indiana Board of Registration for Architects bulletin ;$vno. 2
650  0$aArchitects$xLegal status, laws, etc.$zIndiana.
710 1 $aIndiana.$tIndiana Architectural Act.
710 1 $aIndiana.$bBoard of Registration for Architects.
988   $a20020608
906   $0MH

