LEADER 01054nam a22002177u 4500
001 000000417-0
005 20020606090541.3
008 830127|1968    |||||||  |||| |0||||eng|d
035 0 $aocm81627386
110 1 $aMassachusetts.
240 10$aBoard of Registration of Landscape Architects Act
245 13$aAn act establishing the Board of Registration of Landscape Architects and providing for the use of the title Landscape Architect.
260 0 $aBoston, Mass. :$bAssociation of Landscape Architects for Registration in Massachusetts,$c1968.
300   $a[2] p. ;$c28 cm.
500   $aIncludes letter of announcement to landscape architects by Brewster W. Fuller, chairman of the Association of Landscape Architects for Registration in Massachusetts.
650  0$aLandscape architects$xLegal status, laws, etc.$zMassachusetts.
700 1 $aFuller, Brewster W.
710 2 $aAssociation of Landscape Architects for Registration in Massachusetts.
710 1 $aMassachusetts.$bBoard of Registration of Landscape Architects.
988   $a20020608
906   $0MH

