LEADER 00669nam a22001697u 4500
001 000000418-9
005 20020606090541.3
008 830127|1962    |||||||  |||| |0||||eng|d
035 0 $aocm81093288
245 00$aExamination for landscape architects :$blandscape architecture, parts I, II, III, and IV /$cUniversity of the State of New York.
260 0 $a[Albany, N.Y.?] :$bThe University,$c1962.
300   $a[8] p. :$bplans ;$c66 x 106 cm. folded to 18 x 26 cm.
500   $aExamination given March 27 through March 30, 1962.
650  0$aLandscape architecture$zNew York (State)$xExaminations.
710 2 $aUniversity of the State of New York.
988   $a20020608
906   $0MH

