LEADER 00853nam a22001697u 4500
001 000000419-7
005 20020606090541.3
008 830127|1947    |||||||  |||| |0||||eng|d
035 0 $aocm83349273
245 03$aAn Act regulating the practice of landscape architecture and enlarging the scope and title of the Board of Professional Engineers and of Land Surveyors ... :$b[draft of the proposed bill]
260 0 $a[Boston, Mass. :$bBoston Society of Landscape Architects,$c1947]
300   $a11 p. ;$c28 cm.
500   $aIncludes cover letter and ballot sent to members of the BSLA, from the Committee on Professional Registration for voting on the proposed bill.
650  0$aLandscape architecture$xLaw and legislation$zMassachusetts.
710 2 $aBoston Society of Landscape Architects.$bCommittee on Professional Registration.
988   $a20020608
906   $0MH

