LEADER 00697nam a22001937u 4500
001 000000420-0
005 20020606090541.3
008 830127|1953    |||||||  |||| |0||||eng|d
035 0 $aocm83615574
245 03$aAn Act to add Chapter 3 ... relating to landscape architects ...
260 0 $a[Calif. :$bThe Assembly?,$c1953]
300   $a9 p. ;$c23 cm.
500   $aAt head of title: Assembly bill no. 554.
500   $aEstablishes the California State Board of Landscape Architects.
650  0$aLandscape architects$xLegal status, laws, etc.$zCalifornia.
710 1 $aCalifornia.$bLegislature.$bAssembly.
710 1 $aCalifornia.$bState Board of Landscape Architects.
988   $a20020608
906   $0MH

