LEADER 00756nam a22002177u 4500
001 000000421-9
005 20020606090541.3
008 830127|1965    |||||||  |||| |0||||eng|d
035 0 $aocm81969918
110 1 $aFlorida.
240 10$aFlorida Board of Landscape Architects Act
245 13$aAn act creating the Florida Board of Landscape Architects ...
260 0 $a[Tallahassee], Fla. :$b[s.n.,$c1965]
300   $a14 p. ;$c23 cm.
500   $aAt head of title: Chapter 65-419, Senate bill no. 306.
610 10$aFlorida.$bBoard of Landscape Architects.
650  0$aLandscape architects$xLegal status, laws, etc.$zFlorida.
710 1 $aFlorida.$bLegislature.$bSenate.
710 1 $aFlorida.$bBoard of Landscape Architects.
988   $a20020608
906   $0MH

