LEADER 00708nam a22001937u 4500
001 000000422-7
005 20020606090541.3
008 830127|1963    |||||||  |||| |0||||eng|d
035 0 $aocm80772201
110 1 $aIllinois.
240 10$aIllinois Landscape Architectural Act
245 12$aA bill for an act to license and regulate lacscape architects ...
260 0 $a[Illinois :$bIllinois State Senate, Committee on Assignment of Bills,$c1963]
300   $a14 p. ;$c31 cm.
500   $aAt head of title: Senate bill no. 936.
650  0$aLandscape architects$xLegal status, laws, etc.$zIllinois.
710 1 $aIllinois.$bGeneral Assembly.$bSenate.$bCommittee on Assignment of Bills.
988   $a20020608
906   $0MH

