LEADER 00565nam a22001697u 4500
001 000000423-5
005 20020606090541.3
008 830127|1949    |||||||  |||| |0||||eng|d
035 0 $aocm80162817
245 00$aSenate bill 460 (1949) :$bfor registration of landscape architects.
260 0 $a[Boston, Mass. :$bBoston Society of Landscape Architects,$c1949]
300   $a[2] p. ;$c28 cm.
500   $aTypescript.
650  0$aLandscape architects$xLegal status, laws, etc.$zMassachusetts.
710 2 $aBoston Society of Landscape Architects.
988   $a20020608
906   $0MH

