LEADER 00749nam a22001937u 4500
001 000000424-3
005 20060411152618.0
008 830127|1942    |||||||  |||| |0||||eng|d
035 0 $aocm77641295
245 00$aProfessional engineers and land surveyors :$bregistered with the New York State Education Department.
260 0 $aAlbany, N.Y. :$bUniversity of the State of New York,$c1942.
300   $a271 p. ;$c23 cm.
490 1 $aUniversity of the State of New York bulletin ;$vno. 1244
650  0$aEngineers$zNew York (State)$xDirectories.
650  0$aSurveyors$zNew York (State)$xDirectories.
710 2 $aUniversity of the State of New York.
830  0$aBulletin (University of the State of New York) ;$vno. 1244.
988   $a20020608
906   $0MH

