LEADER 00742cam a2200253uu 4500
001 000000425-1
005 20020606090541.3
008 721212s1973    dcua     bs   00010 eng  
010   $a   72013543 
020   $a0815700199 (pbk)
035 0 $aocm00532335
040   $aDLC$cDLC
043   $an-us---
050 0 $aHV95$b.A595
082   $a361.6/0973
100 1 $aAaron, Henry J.
245 10$aWhy is welfare so hard to reform? /$cA staff paper by Henry J. Aaron.
260 0 $aWashington :$bBrookings Institution,$c[1973]
300   $aviii, 71 p. :$billus. ;$c23 cm.
440  0$aStudies in social economics
504   $aIncludes bibliographical references.
650  0$aPublic welfare$zUnited States.
988   $a20020608
906   $0DLC

