LEADER 00636nam a22001817u 4500
001 000000426-X
005 20020606090541.3
008 830127|1962    |||||||  |||| |0||||eng|d
035 0 $aocm82286265
245 00$aLandscape architect :$bSan Francisco Bay area, San Jose area.
260 0 $a[Sacramento?], Calif. :$bState of California, Department of Employment,$c1962.
300   $a6 p. ;$c28 cm.
490 0 $aOccupational guide ;$vno. 216
500   $aGuide prepared Aug. 1959; revised May 1962.
650  0$aLandscape architecture$xVocational guidance.
710 1 $aCalifornia.$bState Department of Employment.
988   $a20020608
906   $0MH

