LEADER 00685nam a22001577u 4500
001 000000427-8
005 20020606090541.3
008 830127|1924    |||||||  |||| |0||||eng|d
035 0 $aocm82236845
245 00$aAmerican Society of Landscape Architects :$bmethods of charges and recommended minimum charges for professional service in landscape architecture /$ccompiled by Committee on Professional Practice.
260 0 $a[Boston, Mass.] :$bThe Society, Committee on Professional Practice,$c1924.
300   $a28 p. ;$c23 cm.
650  0$aLandscape architecture$xPractice.
710 2 $aAmerican Society of Landscape Architects.$bCommittee on Professional Practice.
988   $a20020608
906   $0MH

