LEADER 00693nam a22001937u 4500
001 000000428-6
005 20020606090541.3
008 830127|1903    |||||||  |||| |0||||eng|d
035 0 $aocm83280878
245 00$aAbstract of lecture delivered by John C. Olmsted to the Topiarian Club, Harvard College :$bsubject, Professional practice and charges.
260 0 $a[Cambridge, Mass.?] :$bJ.C. Olmsted,$c1903.
300   $a14 p. ;$c28 cm.
500   $aTypescript, abstract written by Stephen Child.
650  0$aLandscape architecture$xPractice.
700 1 $aOlmsted, John Charles,$d1852-1920.
700 1 $aChild, Stephen.
710 2 $aTopiarian Club (Cambridge, Mass.)
988   $a20020608
906   $0MH

