LEADER 00879nam a22001937u 4500
001 000000429-4
005 20020606090541.3
008 830127|1923    |||||||  |||| |0||||eng|d
035 0 $aocm79610830
245 00$aPreliminary report of Committee on Professional Ethics and Practice relative to specific charges and methods of charging.
260 0 $a[Boston, Mass.? :$bAmerican Society of Landscape Architects], Committee on Professional Ethics and Practice,$c1923.
300   $a31 p. ;$c28 cm.
500   $aTypescript.
500   $aThis is a copy of the Preliminary Report submitted at the annual meeting of the A.S.L.A. January, 1923.
500   $aEnclosed; letter to Theodora Kimball from Committee.
650  0$aLandscape architecture$xPractice.
710 2 $aAmerican Society of Landscape Architects.$bCommittee on Professional Ethics and Practice.
988   $a20020608
906   $0MH

