LEADER 01039nam a22001937u 4500
001 000000430-8
005 20020606090541.3
008 830127|1923    |||||||  |||| |0||||eng|d
035 0 $aocm84570419
245 00$aApplication for license to practice professional engineering and/or land surveying /$cUniversity of the State of New York, State Department of Education, Professional Examinations Bureau.
260 0 $a[Albany, N.Y. :$bThe University,$c1923]
300   $a[3] p. ;$c25 x 41 cm. folded to 20 x 25 cm.
500   $aIncludes letter to Board of Regents, New York State University from Theodora Kimball requesting text of the law and regulations, licensing engineers and surveyors etc., and also includes reply from/to same with copy of extract from laws of 1920, and rules of the Board of Licensing.
650  0$aEngineers$xLicenses$zNew York (State)
650  0$aSurveyors$xLicenses$zNew York (State)
700 1 $aHubbard, Theodora Kimball,$d1887-1935.
710 2 $aUniversity of the State of New York.
988   $a20020608
906   $0MH

