LEADER 00649nam a22001817u 4500
001 000000431-6
005 20090712065744.0
008 830127|1927    |||||||  |||| |0||||eng|d
035 0 $aocm79833777
245 04$aThe Commission announces an original entrance examination for director of zoological garden, Class H, grade VI /$cMilwaukee City Service Commission.
260 0 $aMilwaukee, Wis. :$bThe Commission,$c[1927?]
300   $a[2] p. ;$c33cm.
500   $aTypescript.
610 20$aMilwaukee City Service Commission$xExaminations.
650  0$aZoos$zWisconsin$zMilwaukee.
710 2 $aMilwaukee City Service Commission.
988   $a20020608
906   $0MH

