LEADER 00776nam a22001937u 4500
001 000000432-4
005 20020606090541.3
008 830127|1943    |||||||  |||| |0||||eng|d
035 0 $aocm82512041
245 02$aA Model law for the registration of professional engineers and land surveyors and providing for the certification of engineers-in-training /$csubmitted for approval and endorsement by engineering organizations.
260 0 $a[S.l.] :$bAmerican Society of Civil Engineers,$c1943.
300   $a20 p. ;$c23 cm.
650  0$aEngineers$xLegal status, laws, etc.
650  0$aSurveyors$xLegal status, laws, etc.
650  0$aEngineers$xCertification.
650  0$aRecording and registration.
710 2 $aAmerican Society of Civil Engineers.
988   $a20020608
906   $0MH

