LEADER 00945nam a22002297u 4500
001 000000433-2
005 20020606090541.3
008 830127|1920    |||||||  |||| |0||||eng|d
035 0 $aocm44530909
245 00$aRecommended uniform law for registration of architects, engineers, and land surveyors /$cEngineering Council.
260 0 $aNew York, N.Y. :$bThe Council,$c1920.
300   $a39 p. ;$c24 cm.
500   $aReprinted from: Proceedings, American Society of Civil Engineers, October, 1920, and November, 1920.
650  0$aRecording and registration$zUnited States.
650  0$aRecording and registration$zCanada.
650  0$aArchitects$xLegal status, laws, etc.$zUnited States.
650  0$aEngineers$xLegal status, laws, etc.$zUnited States.
650  0$aSurveyors$xLegal status, laws, etc.$zUnited States.
710 2 $aEngineering Council (U.S.)
710 2 $aAmerican Society of Civil Engineers.
988   $a20020608
906   $0MH

