LEADER 00824nam a22002177u 4500
001 000000434-0
005 20041020115119.0
008 830127|1921    |||||||  |||| |0||||eng|d
035 0 $aocn188264389
100 1 $aOlmsted, Frederick Law,$d1822-1903.
245 10$aStatement of Committe on Professional Registration /$cF.L. Olmsted, H.J. Kellaway, B.W. Pond.
260 0 $a[Brookline, Mass. :$bAmerican Society of Landscape Architects,$c1921]
300   $a2 p. ;$c28 cm.
500   $aTypescript.
650  0$aLandscape architects$xLegal status, laws, etc.$zUnited States.
650  0$aRecording and registration.
700 1 $aKellaway, H. J.
700 1 $aPond, Bremer W.$q(Bremer Whidden),$d1884-
710 2 $aAmerican Society of Landscape Architects.$bCommittee on Professional Registration.
988   $a20020608
906   $0MH

