LEADER 00714nam a22001937u 4500
001 000000435-9
005 20020606090541.3
008 830127|1965    |||||||  |||| |0||||eng|d
035 0 $aocn188264414
100 1 $aHarriss, Lynn M. F.
245 10$aProfessional registration of landscape architecture in the United States /$cLynn M.F. Harriss.
260 0 $a[Washington, D.C.] :$bAmerican Society of Landscape Architects,$c[1965]
300   $a55 p. ;$c28 cm.
500   $aIncludes sample application for registration.
650  0$aLandscape architects$xPractice$zUnited States.
650  0$aRecording and registration$zUnited States.
710 2 $aAmerican Society of Landscape Architects.
988   $a20020608
906   $0MH

