LEADER 00542nam a22001817u 4500
001 000000436-7
005 20020606090541.3
008 830127|1948    |||||||  |||| |0||||eng|d
035 0 $aocm03026590
100 1 $aSargent, A. M.
245 12$aA study of engineering registration laws /$cby A.M. Sargent.
260 0 $a[Detroit, Mich. :$bA.M. Sargent,$cc1948]
300   $a60 p. :$bill. ;$c22 cm.
650  0$aEngineers$xLegal status, laws, etc.
650  0$aEngineers$xLicenses.
650  0$aRecording and registration.
988   $a20020608
906   $0MH

