LEADER 00733nam a22001697u 4500
001 000000437-5
005 20020606090541.3
008 830127|1961    |||||||  |||| |0||||eng|d
035 0 $aocm79187812
245 00$aApplication for license as landscape architect :$b(pursuant to ... ) /$cUniversity of the State of New York, State Education Department, Division of Professional Education.
260 0 $a[Albany, N.Y. :$bThe University,$c1961]
300   $a[3] p. ;$c28 x 43 cm. folded to 22 x 28 cm.
500   $aIncludes instruction sheet in landscape architecture and a letter of recommendation form.
650  0$aLandscape architects$xLicenses$zNew York (State)
710 2 $aUniversity of the State of New York.
988   $a20020608
906   $0MH

