LEADER 00604nam a22001817u 4500
001 000000438-3
005 20020606090541.3
008 830127|1936    |||||||  |||| |0||||eng|d
035 0 $aocm78575675
245 00$aJob specifications for landscape architects & architects :$bto be employed by the National Park Service.
260 0 $a[Washington, D.C.? :$bThe Service?,$c1936?]
300   $a[16] p. ;$c27 cm.
500   $aTypescript.
650  0$aArchitects$xJob descriptions.
650  0$aLandscape architects$xJob descriptions.
710 1 $aUnited States.$bNational Park Service.
988   $a20020608
906   $0MH

