LEADER 00697nam a2200181K  4500
001 000000439-1
005 20020606090541.3
008 930721s1954    miu          s000 0 eng d
035 0 $aocn188264442
040   $aFLL$cFLL
110 2 $aMichigan State College.$bDepartment of Horticulture.
245 10$aFrom seedlings ... grow a giant business;$bfacts and figures of importance to the Michigan ornamental horticulturist.$c[Prepared for the Michigan Association of Nurserymen.]
260   $a[East Lansing, Mich.],$bThe Department.$c[1954]
300   $a20 p.$bmaps, sketches, diagrs., charts, tables.
650  0$aOrnamental horticulture.
690  9$aNurseries (Plant)$5des
988   $a20020608
906   $0MH

