LEADER 00760nam a22001817u 4500
001 000000440-5
005 20020606090541.3
008 830127|1966    |||||||  |||| |0||||eng|d
035 0 $aocm83006302
245 00$aHighway department management and the landscape architect :$bprepared for highway department top management /$cby the Operating Committee on Roadside Development, American Association of Highway Officials.
260 0 $a[S.l.] :$bThe Association,$c[1966?]
300   $a9 p. :$bill., charts, map ;$c20 cm.
650  0$aRoadside improvement.
650  0$aLandscape architects$xEmployment.
650  0$aHighway engineering.
710 1 $aAmerican Association of Highway Officials.$bOperating Committee on Roadside Development.
988   $a20020608
906   $0MH

