LEADER 00624nam a22001817u 4500
001 000000441-3
005 20020606090541.3
008 830127|1966    |||||||  |||| |0||||eng|d
035 0 $aocm64069478
245 00$aContract for construction :$bthe ASLA short form contract for small construction contracts /$cAmerican Society of Landscape Architects.
260 0 $aWashington, D.C. :$bThe Society,$c1966.
300   $a7 p. ;$c28 cm.
490 0 $aASLA doc. ;$v81-2
650  0$aLandscape architecture$xPractice.
650  0$aLandscape contracting.
710 2 $aAmerican Society of Landscape Architects.
988   $a20020608
906   $0MH

