LEADER 00513nam a22001697u 4500
001 000000442-1
005 20020606090541.3
008 830127|1964    |||||||  |||| |0||||eng|d
035 0 $aocm83300458
245 00$aContract for construction.
260 0 $aWashington, D.C. :$bAmerican Society of Landscape Architects,$c[1964]
300   $a[6] p. ;$c28 cm.
650  0$aLandscape architecture$xPractice.
650  0$aLandscape contracting.
710 2 $aAmerican Society of Landscape Architects.
988   $a20020608
906   $0MH

