LEADER 00464nam a22001577u 4500
001 000000443-X
005 20090409105625.0
008 830127q19621969|||||||  |||| |0||||eng|d
035 0 $aocn424456184
110 2 $aClarke & Rapuano.
245 10$aClarke and Rapuano, Inc. :$bconsulting engineers and landscape architects.
260 0 $aNew York, N.Y. :$bClarke and Rapuano, Inc.$c[196-?]
300   $a19 p. ;$c31 cm.
610 20$aClarke & Rapuano.
988   $a20020608
906   $0MH

