LEADER 01113cam a2200325M  4500
001 000000444-8
005 20070817093306.0
008 881031s1972    nyuae         000 0 eng u
035 0 $aocm18754355
035 0 $aocm18754355$zocm00845686
040   $cTEU$dm.c.$dOCL$dPAU$dFLL
043   $an-us---
090   $aSB472$b.C543
110 2 $aClarke & Rapuano.
245 14$aThe office of Clarke and Rapuano, Inc. /$c[Domenico Annese, editor.].
246 14$aClarke & Rapuano, Inc. :$bconsulting engineers and landscape architects
246 30$aClarke and Rapuano, Inc.
260   $aNew York, N.Y. :$bClarke and Rapuano,$c[1972?]
300   $a[78] p. :$bchiefly ill., plans ;$c31 cm.
500   $a"March 1972"--Introduction.
610 20$aClarke & Rapuano.
600 10$aClarke, Gilmore D.,$d1892-
600 10$aRapuano, Michael.
650  0$aLandscape architectural firms$zUnited States.
650  0$aLandscape architects$zUnited States.
650  0$aLandscape architecture$zUnited States.
650  0$aCity planning$zUnited States.
700 1 $aAnnese, Domenico.
988   $a20020608
906   $0MH

