LEADER 00533nam a22001697u 4500
001 000000445-6
005 20020606090541.3
008 830127|1967    |||||||  |||| |0||||eng|d
035 0 $aocm84315126
110 2 $aM. Paul Friedberg & Partners.
245 10$aM. Paul Friedberg and Associates :$blandscape architects.
260 0 $a[New York, N.Y. :$bM. Paul Friedberg and Associates,$c1967]
300   $a[15] p. :$bill. ;$c29 cm.
500   $aDescribes work done by firm.
610 20$aM. Paul Friedberg & Partners.
988   $a20020608
906   $0MH

