LEADER 00610nam a22001697u 4500
001 000000446-4
005 20020606090541.3
008 830127|1967    |||||||  |||| |0||||eng|d
035 0 $aocm80075577
110 2 $aTheodore J. Wirth and Associates.
245 12$aA planning prospectus /$cTheodore J. Wirth & Associates.
260 0 $aBillings, Mont. :$bT.J. Wirth & Associates,$c[1967?]
300   $a[28] p. :$bill., maps, plans ;$c28 x 22 cm.
500   $aDescribes work done by firm and includes curriculum vitae of principals and associates.
610 20$aTheodore J. Wirth and Associates.
988   $a20020608
906   $0MH

