LEADER 00697nam a22001817u 4500
001 000000447-2
005 20020606090541.3
008 830127|1922    |||||||  |||| |0||||eng|d
035 0 $aocm83219941
245 00$aAnnouncement of a competition in landscape design /$cgiven under the auspices of the second annual "Own Your Home" Exposition.
260 0 $aChicago, Ill. :$bThe Exposition,$c1922.
300   $a2 p. ;$c36 cm.
500   $aTypescript.
500   $aExposition held at the Coliseum, Chicago, March 25th to April 1st, 1922.
650  0$aLandscape architecture$xCompetitions$zIllinois$zChicago.
711 2 $aOwn Your Home Exposition$n(2nd :$d1922 :$cChicago, Ill.)
988   $a20020608
906   $0MH

