LEADER 00521nam a22001697u 4500
001 000000448-0
005 20020606090541.3
008 830127|1926    |||||||  |||| |0||||eng|d
035 0 $aocm81561774
245 00$aArchitectural competitions :$ba circular of information.
260 0 $aWashington, D.C. :$bAmerican Institute of Architects,$c1926.
300   $a7 p. ;$c28 cm.
440  0$aA.I.A. document ;$vno.213
650  0$aArchitecture$xCompetitions.
710 2 $aAmerican Institute of Architects.
988   $a20020608
906   $0MH

