LEADER 00516nam a2200181K  4500
001 000000449-9
005 20020606090541.3
008 930209s1927    dcu           000 0 eng d
035 0 $aocm04410934
040   $aFLL$cFLL
110 2 $aAmerican Institute of Architects.
245 10$aArchitectural competitions,$ba circular of information.
260   $aWashington,$bThe Institute.$c1927.
300   $a7 p.
650  0$aArchitecture$xCompetitions.
690  9$aArchitecture$xCompetitions.$5des
988   $a20020608
906   $0MH

