LEADER 00572nam a22001577u 4500
001 000000450-2
005 20090409105659.0
008 830127s19uu    |||||||  |||| |0||||eng|d
035 0 $aocn424456185
245 00$aCompetition for the prize of Rome in architecture, sculpture, painting and music :$brules governing the beneficiaries; course of study /$cAmerican Academy in Rome.
260 0 $a[Rome, Italy?] :$bThe Academy,$c[19--?]
300   $a28 p. ;$c21 cm.
650  0$aArchitecture$xCompetitions$zItaly$zRome.
710 2 $aAmerican Academy in Rome.
988   $a20020608
906   $0MH

