LEADER 00514nam a22001577u 4500
001 000000451-0
005 20020606090541.3
008 830127|1933    |||||||  |||| |0||||eng|d
035 0 $aocm79740387
245 00$aCompetitions for works of landscape design.
260 0 $a[Washington, D.C.?] :$bAmerican Society of Landscape Architects,$c[1933?]
300   $a1 folded sheet (4 p.) ;$c23 cm.
650  0$aLandscape architecture$xCompetitions.
710 2 $aAmerican Society of Landscape Architects.
988   $a20020608
906   $0MH

