LEADER 00606nam a22001697u 4500
001 000000452-9
005 20020606090541.3
008 830127|1928    |||||||  |||| |0||||eng|d
035 0 $aocm83418716
245 00$aGarden competition :$bfor a plan for grounds surrounding the Museum of the City of New York ...
260 0 $a[New York, N.Y. :$bCity Gardens Club,$c1928]
300   $a1 folded sheet (3 p.) ;$c23 cm.
650  0$aLandscape architecture$xCompetitions$zNew York (State)$zNew York.
710 2 $aCity Gardens Club (New York, N.Y.)
710 2 $aMuseum of the City of New York.
988   $a20020608
906   $0MH

