LEADER 00755nam a22001937u 4500
001 000000453-7
005 20020606090541.3
008 830127|1921    |||||||  |||| |0||||eng|d
035 0 $aocm82852971
245 00$aHome Beautiful Exposition :$bcompetition for a landscape plan for a suburban lot /$cunder the advice and direction of the Boston Society of Landscape Architects.
260 0 $a[Boston, Mass. :$bThe Society,$c1921?]
300   $a[2] p. ;$c28 cm.
500   $aTypescript.
500   $aIncludes typescript list of competitors.
650  0$aLandscape architecture$xCompetitions$zMassachusetts$zBoston.
710 2 $aBoston Society of Landscape Architects.
711 2 $aHome Beautiful Exposition$d(1921 :$cBoston, Mass.)
988   $a20020608
906   $0MH

