LEADER 00546nam a22001697u 4500
001 000000454-5
005 20080512171450.0
008 830127|1927    |||||||  |||| |0||||eng|d
035 0 $aocn232006397
245 00$aProgram for preliminary competition for fellowship in landscape architecture at the American Academy in Rome.
260 0 $a[Rome?] :$bThe Academy?, 1927.
300   $a2 p. ;$c28 cm.
500   $aTypescript.
650  0$aLandscape architecture$xCompetitions$zItaly$zRome.
710 2 $aAmerican Academy in Rome.
988   $a20020608
906   $0MH

