LEADER 00688nam a22001817u 4500
001 000000455-3
005 20020606090541.3
008 830127|1927    |||||||  |||| |0||||eng|d
035 0 $aocm82513557
245 00$aAmerican Academy in Rome :$bfellowship in landscape architecture, final competition - 1927.
260 0 $a[Rome?] :$bThe Academy?, 1927.
300   $a2 p. ;$c28 cm.
500   $aTypescript.
501   $aWith: Program for preliminary competition for fellowship in landscape architecture at the American Academy in Rome. [Rome?] : The Academy, 1927.
650  0$aLandscape architecture$xCompetitions$zItaly$zRome.
710 2 $aAmerican Academy in Rome.
988   $a20020608
906   $0MH

