LEADER 00692nam a22001817u 4500
001 000000456-1
005 20080512171744.0
008 830127|1932    |||||||  |||| |0||||eng|d
035 0 $aocn232006398
245 00$aProgram for 17th annual competition for the Topiarian Club Trophy.
260 0 $a[Cambridge, Mass.?] :$bThe Club,$c1932.
300   $a3 [i.e. 4] p. :$bplan ;$c28 cm.
500   $aTypescript.
501   $aWith: Pencil Points, March 1922 ;v. 111, no. 3; announcing competition winners.v. 111, no. 3; announcing competition winners.
650  0$aLandscape architecture$xCompetitions$zMassachusetts$zCambridge.
710 2 $aTopiarian Club (Cambridge, Mass.)
988   $a20020608
906   $0MH

