LEADER 00611nam a22001817u 4500
001 000000457-X
005 20020606090541.3
008 830127|1919    |||||||  |||| |0||||eng|d
035 0 $aocm79706965
245 00$aProgram of a competition for selecting a general plan for the University of Buffalo.
260 0 $aBuffalo, N.Y. :$bThe University,$c1919.
300   $a5 p. ;$c33 cm.
500   $aTypescript.
650  0$aArchitecture$xCompetitions$zNew York (State)$zBuffalo.
650  0$aLandscape architecture$xCompetitions$zNew York (State)$zBuffalo.
710 2 $aUniversity of Buffalo.
988   $a20020608
906   $0MH

