LEADER 00503nam a22001697u 4500
001 000000458-8
005 20020606090541.3
008 830127|1926    |||||||  |||| |0||||eng|d
035 0 $aocm77300763
245 00$aStandard form of competition program.
260 0 $aWashington, D.C. :$bAmerican Institute of Architects,$c1926.
300   $a8 p. ;$c28 cm.
440  0$aA.I.A. document ;$vno. 219
650  0$aArchitecture$xCompetitions.
710 2 $aAmerican Institute of Architects.
988   $a20020608
906   $0MH

