LEADER 00725nam a2200193K  4500
001 000000459-6
005 20020606090541.3
008 930218s1961    dcu           000 0 eng d
035 0 $aocm81181985
040   $aFLL$cFLL
110 2 $aAmerican Society of Landscape Architects.
245 10$aAnnouncing the 1962 national awards program for designs for outdoor living,$csponsored by the American Society of Landscape Architects, in cooperation with House & Home and Life magazines.
260   $aWashington,$bThe Society.$c[1961]
300   $a[1 fold.]
650  0$aLandscape architecture$xCompetitions.
690  9$aLandscape architecture$xCompetitions.$5des
690  9$aGardens$xCompetitions.$5des
988   $a20020608
906   $0MH

