LEADER 00485nam a22001577u 4500
001 000000460-X
005 20020606090541.3
008 830127|1967    |||||||  |||| |0||||eng|d
035 0 $aocm80821025
245 00$aCode for competitions.
260 0 $aWashington, D.C. :$bAmerican Society of Landscape Architects,$c[1967]
300   $a[5] p. ;$c28 cm.
650  0$aLandscape architecture$xCompetitions$xStandards.
710 2 $aAmerican Society of Landscape Architects.
988   $a20020608
906   $0MH

