LEADER 00579nam a22001817u 4500
001 000000461-8
005 20020606090541.3
008 830127|1951    |||||||  |||| |0||||eng|d
035 0 $aocm77802218
111 2 $aHerzl Memorial Competition$d(1951 :$cJerusalem)
245 00$aHerzl Memorial Competition :$bminutes of assessment.
260 0 $a[Jerusalem :$bThe Competition,$c1951]
300   $a4 p. ;$c28 cm.
500   $aTypescript.
611 20$aHerzl Memorial Competition$d(1951 :$cJerusalem)
650  0$aLandscape architecture$xCompetitions$zJerusalem.
988   $a20020608
906   $0MH

