LEADER 00503nam a22001577u 4500
001 000000462-6
005 20020606090541.3
008 830127|1967    |||||||  |||| |0||||eng|d
035 0 $aocm79279919
245 00$aLandscape architectural firms :$broster.
260 0 $aWashington, D.C. :$bAmerican Society of Landscape Architects,$c[1967]
300   $a19 p. ;$c24 cm.
650  0$aLandscape architects$zUnited States$xDirectories.
710 2 $aAmerican Society of Landscape Architects.
988   $a20020608
906   $0MH

