LEADER 00742nam a22001937u 4500
001 000000463-4
005 20020606090541.3
008 830127|1956    |||||||  |||| |0||||eng|d
035 0 $aocm82286271
100 1 $aPepler, George Lionel,$d1882-
245 10$aBeauty in danger :$bthe rural scene /$ca paper by Sir George Pepler.
260 0 $aLondon, Eng. :$bRoyal Society of Arts,$c1956.
300   $ap. 609-626 ;$c25 cm.
500   $aReprinted from: Journal of the Royal Society of Arts, vol. 104, no. 4981, dated July 6, 1956, p. 609-626.
651  0$aEngland$xRural conditions.
710 2 $aRoyal Society of Arts (Great Britain)
773 0 $aBritish housing and planning review, July-Aug. 1956, vol. 11:4, p. 8-13.
988   $a20020608
906   $0MH

