LEADER 00547nam a2200193K  4500
001 000000464-2
005 20020606090541.3
008 930414s1932    xx            000 0 eng d
035 0 $aocm83700781
040   $aFLL$cFLL
100 1 $aClarke, A. B.
245 10$aInstructions to draftsmen.
260   $bOlmsted Brothers,$c1932.
300   $a10p. blueprint,$bdiagrs., cross-sections,$c25cm.
650  0$aArchitectural drawing.
690  9$aLandscape architecture$xTechnical procedure.$5des
710 2 $aOlmsted Brothers.
988   $a20020608
906   $0MH

