LEADER 00614nam a22001817u 4500
001 000000465-0
005 20020606090541.3
008 830127|1950    |||||||  |||| |0||||eng|d
035 0 $aocm84429306
245 00$aTopographic maps /$cUnited States, Department of the Interior, Geological Survey.
260 0 $a[Washington, D.C. :$bThe Department,$c1950]
300   $a1 folded sheet (4 p.) :$bill., col. maps ;$c27 cm.
650  0$aTopographic maps.
651  0$aUnited States$xMaps, Topographic.
710 1 $aUnited States.$bDepartment of the Interior.
710 2 $aGeological Survey (U.S.)
988   $a20020608
906   $0MH

