LEADER 00409nam a22001457u 4500
001 000000466-9
005 20020606090541.3
008 830127|19001976|||||||  |||| |0||||ger|d
035 0 $aocm78221253
245 04$aDer Garten- und Landschaftsarchitekt.
260 0 $a[Switzerland? :$bs.n.,$c19--?]
300   $a[9] p. :$bill., chart, map ;$c30 cm.
650  0$aLandscape architects$zSwitzerland.
988   $a20020608
906   $0MH

