LEADER 00639nam a22001817u 4500
001 000000467-7
005 20020606090541.3
008 830127|1962    |||||||  |||| |0||||eng|d
035 0 $aocm82240534
245 00$aOregon administrative rules :$bchapter 804.
260 0 $a[Oregon :$bState Board of Landscape Architect Examiners,$c1962]
300   $a4 p. ;$c28 cm.
500   $aAt head of title: State Board of Architect Examiners.
650  0$aLandscape architecture$zOregon$xExaminations.
710 1 $aOregon.$bState Board of Architect Examiners.
710 1 $aOregon.$bState Board of Landscape Architect Examiners.
988   $a20020608
906   $0MH

