LEADER 00968nam a22002057u 4500
001 000000468-5
005 20020606090541.3
008 830127|1962    |||||||  |||| |0||||eng|d
035 0 $aocm82105053
100 1 $aJellicoe, Geoffrey Alan,$d1900-
245 14$aThe collaboration of civil engineering and landscape architecture from the point of view of the landscape architect /$cby Geoffrey Allan [i.e. Alan] Jellicoe.
260 0 $aLondon, Eng. :$bInstitution of Civil Engineers,$c1962.
300   $ap. 527-535 ;$c22 cm.
500   $aExcerpt from: Proceedings, Institution of Civil Engineers, Vol. 21.
501   $aWith: The Collaboration of civil engineering and landscape architecture from the point of view of the civil engineer / Cyril Stapley Chettoe. London, Eng. : Institution of Civil Engineers, 1962.
650  0$aCivil engineering.
650  0$aLandscape architecture.
710 2 $aInstitution of Civil Engineers (Great Britain)
988   $a20020608
906   $0MH

