LEADER 00545nam a2200181I  4500
001 000000470-7
005 20050319114250.0
008 890613s1929    mauae         000 0 eng d
035 0 $aocm19864698
040   $aVXG$cVXG$dDGL
110 2 $aLittle-Tree Landscaping and Forestry Service (Framingham Centre, Mass.)
245 14$aThe landscape art.
260   $aFramingham Centre, Mass.,$bTheodore F. Borst,$cc1929.
300   $a39 p.$bplates, plans.$c32 cm.
650  0$aLandscape gardening.
650  0$aGardens$xDesign.
988   $a20020608
906   $0OCLC

