LEADER 00678nam a22002057u 4500
001 000000471-5
005 20020606090541.3
008 830127|1943    |||||||  |||| |0||||eng|d
035 0 $aocm81395327
110 2 $aSociety of the Pentagon (U.S.)
245 10$aRoster of the membership /$cThe Society of the Pentagon.
260 0 $aWashington, D.C. :$bThe Society,$c[c1943]
300   $a24 p. ;$c22 cm.
500   $aSociety founded December, 1941, and organized November, 1942.
610 20$aSociety of the Pentagon$xDirectories.
650  0$aArchitects$xDirectories.
650  0$aLandscape architects$xDirectories.
650  0$aEngineers$xDirectories.
988   $a20020608
906   $0MH

