LEADER 00571nam a22001697u 4500
001 000000472-3
005 20020606090541.3
008 830127|1920    |||||||  |||| |0||||eng|d
035 0 $aocm81783525
245 04$aThe Business side of landscape architecture.
260 0 $aDundee, Ill. :$bD. Hill Nursery Co.,$c[1920?]
300   $a1 folded sheet (4 p.) ;$c24 cm.
500   $aIncludes cover letter entitled: The landscape architect and where his profit comes from.
650  0$aLandscape architecture$xPractice.
710 2 $aD. Hill Nursery Company.
988   $a20020608
906   $0MH

