LEADER 00772nam a22001937u 4500
001 000000473-1
005 20020606090541.3
008 830203|1935    |||||||  |||| |0||||eng|d
035 0 $aocm80041076
110 1 $aFort Wayne (Ind.).$bCommon Council.
245 10$aProceedings of the Common Council of the city of Fort Wayne, Indiana /$cauthorized by the Common Council.
260 0 $aFort Wayne, Ind. :$bFort Wayne Journal-Gazette,$c[1935]
300   $ap. 217-221 ;$c23 cm.
500   $aReprinted from: Journal of common council.
500   $aProceedings from special session, December 27, 1934, during which was discussed the grave of Johnny Appleseed.
600 10$aAppleseed, Johnny,$d1774-1845.
610 10$aFort Wayne (Ind.).$bCommon Council.
988   $a20020608
906   $0MH

