LEADER 00436nam a22001577u 4500
001 000000474-X
005 20020606090541.3
008 830203|1921    |||||||  |||| |0||||eng|d
035 0 $aocm80557389
100 1 $aSchaumann, W.
245 10$aAbout landscape gardening /$cW. Schaumann.
260 0 $a[Chicago, Ill.? :$bW. Schaumann?,$c1921?]
300   $a1 folded sheet (4 p.) ;$c15 cm.
650  0$aLandscape gardening.
988   $a20020608
906   $0MH

