LEADER 00672nam a22001697u 4500
001 000000476-6
005 20020606090541.3
008 830203|1949    |||||||  |||| |0||||eng|d
035 0 $aocm79056353
245 00$aTraining program for landscape nurserymen.
260 0 $a[Washington, D.C. :$bNational Landscape Nurserymen's Association, Educational Committee,$c1949]
300   $a8 p. ;$c23 cm.
500   $aNational Landscape Nurserymen's Association is part of the American Association of Nurserymen, Inc.
650  0$aLandscape gardening$xVocational guidance.
710 2 $aNational Landscape Nurserymen's Association (U.S.).$bEducational Committee.
988   $a20020608
906   $0MH

