LEADER 00550nam a22001817u 4500
001 000000477-4
005 20020606090541.3
008 830203|1963    |||||||  |||| |0||||eng|d
035 0 $aocm84938398
110 2 $aSasaki, Walker Associates.
245 10$aSasaki, Walker and Associates, Inc.
260 0 $aWatertown, Mass. :$bSasaki, Walker and Associates,$c1963.
300   $a[15] p. ;$c28 cm.
500   $aBooklet on recent projects and staff resumes.
610 20$aSasaki, Walker Associates.
650  0$aLandscape architects.
988   $a20020608
906   $0MH

