LEADER 00522nam a22001817u 4500
001 000000478-2
005 20020606090541.3
008 830203|1923    |||||||  |||| |0||||eng|d
035 0 $aocm71049053
100 1 $aBlossom, Harold Hill.
245 14$aThe landscape beautiful.
260 0 $a[Boston, Mass. :$bH.H. Blossom,$cc1923]
300   $a23 p., 21 p. of plates :$bill. ;$c29 cm.
500   $aExamples of work by H.H. Blossom.
600 10$aBlossom, Harold Hill.
650  0$aLandscape architects.
988   $a20020608
906   $0MH

