LEADER 00518nam a22001697u 4500
001 000000479-0
005 20020606090541.3
008 830203|1938    |||||||  |||| |0||||eng|d
035 0 $aocm78419602
245 00$aLandscape and ornamental gardening /$cCopeland & Cleveland.
260 0 $aBoston, Mass. :$bCopeland & Cleveland,$c[1938?]
300   $a[1] p. ;$c30 cm.
500   $aIncludes negative print of same advertisement.
650  0$aLandscape architecture.
710 2 $aCopeland & Cleveland.
988   $a20020608
906   $0MH

