LEADER 00502nam a22001817u 4500
001 000000480-4
005 20080512171851.0
008 830203s1900    |||||||  |||| |0||||eng|d
035 0 $aocn232006620
100 1 $aMueller, Paul L.
245 10$aPaul L. Mueller landscape architect.
260 0 $aMinneapolis, Minn. :$bP.L. Mueller,$c[19--?].
300   $a[3] p. ;$c17 cm.
500   $aBooklet announcing practice.
600 10$aMueller, Paul L.
650  0$aLandscape architects.
988   $a20020608
906   $0MH

