LEADER 00617nam a22001817u 4500
001 000000481-2
005 20090413100624.0
008 830203s19uu    |||||||  |||| |0||||eng|d
035 0 $aocm80696195
110 2 $aCornell, Bridgers & Troller.
245 10$aCornell, Bridges & Troller A.S.L.A. :$blandscape architects, land planners.
260 0 $aHollywood, Calif. :$bCornell, Bridges & Troller,$c[19--?]
300   $a[51] p., [4] p. of plates :$bill., plans ;$c28 x 22 cm.
500   $aDescribes firm and principals.
610 20$aCornell, Bridgers & Troller.
650  0$aLandscape architects.
988   $a20020608
906   $0MH

