LEADER 00666nam a22001937u 4500
001 000000482-0
005 20020606090541.3
008 830203|1969    |||||||  |||| |0||||eng|d
035 0 $aocm82853884
110 2 $aDesign-Science International.
245 10$aDesign-Science International.
260 0 $aCambridge, Mass. :$bDesign-Science International,$c1969.
300   $a19 p. ;$c28 cm.
500   $aIncludes correspondence with, and information about, the Land Use Foundation of New Hampshire.
610 20$aDesign-Science International.
610 20$aLand Use Foundation of New Hampshire.
710 2 $aLand Use Foundation of New Hampshire.
988   $a20020608
906   $0MH

