LEADER 00612nam a22001937u 4500
001 000000483-9
005 20020606090541.3
008 830203|1969    |||||||  |||| |0||||eng|d
035 0 $aocm79779290
110 2 $aRichard Haag Associates.
245 10$aRHA :$bRichard Haag Associates; landscape architects; planning consultants.
246 3 $aR.H.A.
260 0 $a[Seattle, Wash.] :$bRichard Haag Associates,$c[1969]
300   $a[38] p. ;$c28 cm.
500   $aDescribes work of firm and includes curriculum vitae.
610 20$aRichard Haag Associates.
650  0$aLandscape architects.
988   $a20020608
906   $0MH

