LEADER 00599nam a22001817u 4500
001 000000484-7
005 20120403151824.0
008 830203|1975    |||||||  |||| |0||||eng|d
035 0 $aocm80169729
110 2 $aHornbeck/Okerlund Associates.
245 10$aHornbeck/Okerlund Associates.
260 0 $aCambridge, Mass. :$bHornbeck/Okerlund Assoc.,$c1975.
300   $a[28] p., [15] p. of plates :$bill. ;$c28 cm.
500   $aDescribes work done by firm and includes curriculum vitae of principals.
610 20$aHornbeck/Okerlund Associates.
650  0$aLandscape architects.
988   $a20020608
906   $0MH

