LEADER 00507nam a22001817u 4500
001 000000485-5
005 20020606090541.3
008 830203|1969    |||||||  |||| |0||||eng|d
035 0 $aocm80218106
110 2 $aKLC, Inc.
245 10$aKLC, Inc. :$blandscape architects.
260 0 $aBelmont, Mass. :$bKLC, Inc.,$c[1969]
300   $a[15] p. ;$c28 x 22 cm.
500   $aDescribes work of firm and includes curriculum vitae.
610 20$aKLC, Inc.
650  0$aLandscape architects.
988   $a20020608
906   $0MH

