LEADER 00587nam a22001937u 4500
001 000000486-3
005 20020606090541.3
008 830203|1967    |||||||  |||| |0||||eng|d
035 0 $aocm77943825
110 2 $aPeter G. Rolland (Firm)
245 10$aPeter G. Rolland :$bsite planner & landscape architect.
260 0 $aRye, N.Y. :$bPeter G. Rolland,$c[1967?]
300   $a[9] p. ;$c28 cm.
500   $aDescribes work of firm and includes curriculum vitae.
610 20$aPeter G. Rolland (Firm)
650  0$aLandscape architects.
700 1 $aRolland, Peter G.
988   $a20020608
906   $0MH

