LEADER 00716nam a22002297u 4500
001 000000487-1
005 20020606090541.3
008 830203|1973    |||||||  |||| |0||||eng|d
035 0 $aocm82794568
110 2 $aRoss/Ruggles.
245 10$aRoss/Ruggles :$bland planning, landscape architecture.
260 0 $aBarrie, Ont. :$bRoss/Ruggles,$c[1973?]
300   $a[15] p. :$bill., plans ;$c22 cm.
500   $aDescribes work of firm and includes curriculum vitae.
500   $aFirm members: D. Allan Ross, Donald Ruggles, John Haines.
610 20$aRoss/Ruggles.
650  0$aLandscape architects.
700 1 $aRoss, D. Allan.
700 1 $aRuggles, Donald.
700 1 $aHaines, John.
988   $a20020608
906   $0MH

