LEADER 00563nam a22001817u 4500
001 000000488-X
005 20020606090541.3
008 830203|1963    |||||||  |||| |0||||eng|d
035 0 $aocm80919461
110 2 $aShurcliff and Merrill.
245 10$aShurcliff & Merrill :$blandscape architects.
260 0 $a[Boston, Mass.] :$bShurcliff & Merrill,$c[1963?]
300   $a[18] p. :$bill. ;$c28 cm.
500   $aDescribes work done by firm and includes curriculum vitae.
610 20$aShurcliff and Merrill.
650  0$aLandscape architects.
988   $a20020608
906   $0MH

