LEADER 00645cam a2200193M  4500
001 000000489-8
005 20120124142928.0
008 830203s1967    xx            000 0 eng d
035 0 $aocm77713126
040   $aMH$cHLS
110 2 $aSasaki, Dawson, DeMay Associates.
245 10$aSasaki, Dawson, DeMay Associates, Inc.
260   $aWatertown, Mass. :$bSasaki, Dawson, DeMay Associates, Inc.,$c[1967?]
300   $a[41] p., [4] leaves of plates :$bill. ;$c28 cm.
500   $aDescribes work done by firm and includes curriculum vitae.
610 20$aSasaki, Dawson, DeMay Associates.
650  0$aLandscape architects.
988   $a20020608
906   $0MH

