LEADER 00636nam a22001817u 4500
001 000000490-1
005 20020606090541.3
008 830203|1968    |||||||  |||| |0||||eng|d
035 0 $aocm82852975
110 2 $aSasaki, Dawson, DeMay Associates.
245 10$aSasaki, Dawson, DeMay Associates, Inc. :$bsupplement.
260 0 $aWatertown, Mass. :$bSasaki, Dawson, DeMay Associates, Inc.,$c[1968?]
300   $a[41] p., [2] leaves of plates :$bill. ;$c28 cm.
500   $aDescribes work done by firm and includes curriculum vitae.
610 20$aSasaki, Dawson, DeMay Associates.
650  0$aLandscape architects.
988   $a20020608
906   $0MH

