LEADER 00644nam a22001817u 4500
001 000000491-X
005 20020606090541.3
008 830203|1972    |||||||  |||| |0||||eng|d
035 0 $aocm18887790
110 2 $aSasaki, Dawson, DeMay Associates.
245 10$aSDDA :$bplanning, landscape architecture, architecture, civil engineering.
246 3 $aS.D.D.A.
260 0 $aWatertown, Mass. :$bSasaki, Dawson, DeMay Associates, Inc.,$c[1972?]
300   $a[65] p., [8] leaves of plates :$bill. ;$c28 cm.
500   $aDescribes work done by firm and includes curriculum vitae.
610 20$aSasaki, Dawson, DeMay Associates.
988   $a20020608
906   $0MH

