LEADER 00621nam a22001817u 4500
001 000000492-8
005 20020606090541.3
008 830203|1966    |||||||  |||| |0||||eng|d
035 0 $aocm81856730
110 2 $aSasaki, Walker Associates.
245 10$aSasaki Walker Associates Incorporated :$bsite planning, landscape architecture, urban design.
260 0 $aSan Francisco,Calif. :$bSasaki Walker Associates,$c[1966]
300   $a[37] p. ;$c29 cm.
500   $aDescribes work done by firm and includes curriculum vitae.
610 20$aSasaki, Walker Associates.
650  0$aLandscape architects.
988   $a20020608
906   $0MH

