LEADER 00509nam a2200181Ma 4500
001 000000493-6
005 20020606090541.3
008 870921s1968    cau           000 0 eng d
035 0 $aocm21811106
040   $aCUY$cCUY$dFLL
110 2 $aSasaki, Walker Associates.
245 10$aSasaki, Walker Associates, Incorporated.
260   $aSausalito, Calif. :$bSasaki, Walker,$c[1968]
300   $a1 v. (unpaged)
610 20$aSasaki, Walker Associates.
650  0$aLandscape architects.
988   $a20020608
906   $0OCLC

