LEADER 00972nam a22002177u 4500
001 000000494-4
005 20091117155501.0
008 830203m19001933|||||||  |||| |0||||eng|d
035 0 $aocn232006622
245 00$aInformation on competition for a plan for Marine Park, Borough of Brooklyn, city of New York /$cto be held under the auspices of the Park Commissioner ...
260 0 $a[Brooklyn, N.Y. :$bCommittee on Competition for Marine Park,$c19--?]
300   $a7 p. ;$c28 cm.
500   $aTypescript.
500   $aAlso held under the auspices of the Park Association of New York City, Inc. and the New York Chapter, American Society of Landscape Architects.
650  0$aLandscape architecture$xCompetitions$zNew York (State)$zNew York.
650  0$aParks$zNew York (State)
651  0$aBrooklyn (New York, N.Y.)
710 2 $aPark Association of New York City.
710 2 $aAmerican Society of Landscape Architects.$bNew York Chapter.
988   $a20020608
906   $0MH

