LEADER 00613nam a22001817u 4500
001 000000495-2
005 20020606090541.3
008 830203|1930    |||||||  |||| |0||||eng|d
035 0 $aocm83557547
245 04$aThe Worcester War Memorial Commission.
260 0 $a[Worcester, Mass.] :$bThe Commission,$c[1930].
300   $a11 p. :$bill., plan ;$c28 x 22 cm.
500   $aIncludes two separate photographs.
650  0$aSculpture$xCompetitions$zMassachusetts$zWorcester.
650  0$aWar memorials$xCompetitions$zMassachusetts$zWorcester.
710 2 $aWorcester War Memorial Commission.
988   $a20020608
906   $0MH

