LEADER 00492nam a22001577u 4500
001 000000496-0
005 20080305100830.0
008 830203m19001950|||||||  |||| |0||||eng|d
035 0 $aocn232006623
245 00$aSmall quantities of specimen material in large landscape sizes.
260 0 $aWest Hartford, Conn. :$bPeter Cascio Nursery,$c[19--?]
300   $a1 folded sheet (3 p.) ;$c21 cm.
650  0$aPlants$xCatalogs and collections.
710 2 $aPeter Cascio Nursery.
988   $a20020608
906   $0MH

