LEADER 00462nam a22001697u 4500
001 000000497-9
005 20020606090541.3
008 830203|1966    |||||||  |||| |0||||eng|d
035 0 $aocm80768197
245 04$aThe Garden book.
260 0 $aLitchfield, Conn. :$bWhite Flower Farm,$c1966.
300   $a76 p. :$bill., map ;$c28 x 22 cm.
650  0$aPlants$xCatalogs and collections.
650  0$aGardening.
710 2 $aWhite Flower Farm.
988   $a20020608
906   $0MH

