LEADER 00570nam a22001817u 4500
001 000000498-7
005 20020606090541.3
008 830203|1957    |||||||  |||| |0||||eng|d
035 0 $aocm81880704
110 2 $aLandscape Materials Information Service.
245 10$aLandscape Materials Information Service :$b[brochure]
260 0 $aCallicoon, N.Y. :$bThe Service,$c[1957?]
300   $a1 folded sheet (4 p.) ;$c23 cm.
500   $aDescriptive leaflet.
610 20$aLandscape Materials Information Service.
650  0$aLandscape architecture.
988   $a20020608
906   $0MH

