LEADER 00652nam a22001817u 4500
001 000000499-5
005 20020606090541.3
008 830203|1932    |||||||  |||| |0||||eng|d
035 0 $aocm81720628
100 2 $aTanaka-Kitirô.
245 14$aThe orthographical relief method of representing hill features on a topographical map /$cby Tanaka-Kitirô.
260 0 $a[London, Eng.? :$bThe Geographical Journal?,$c1932?]
300   $ap. [212]-219 :$bill., col. map ;$c25 cm.
500   $aReprinted from: The Geographical journal, vol. 79, no. 3 (March 1932).
500   $aIncludes separate color map.
650  0$aTopographic maps.
988   $a20020608
906   $0MH

