LEADER 00560nam a22001817u 4500
001 000000500-2
005 20090712065745.0
008 830203|1951    |||||||  |||| |0||||eng|d
035 0 $aocm78419607
100 1 $aPatterson, James A.
245 10$aNew concepts needed for topographic mapping /$cby James A. Patterson.
260 0 $a[Penn.? :$bPennsylvania Dept. of Commerce, State Planning Board?,$c1951?]
300   $a5 p. ;$c28 cm.
500   $aTypescript.
650  0$aTopographic maps.
710 2 $aPennsylvania State Planning Board.
988   $a20020608
906   $0MH

