LEADER 00414nam a22001577u 4500
001 000000501-0
005 20080305101621.0
008 830203m19301939|||||||  |||| |0||||eng|d
035 0 $aocn232006624
100 1 $aJohnson, C. W.
245 10$aPhoto flowers /$cby C.W. Johnson.
260 0 $aSpringfield, Mass. :$bC.W. Johnson,$c[193-?]
300   $a15 p. ;$c15 cm.
650  0$aFlowers$xCatalogs.
988   $a20020608
906   $0MH

