LEADER 00500nam a22001697u 4500
001 000000502-9
005 20020606090541.3
008 830203|1921    |||||||  |||| |0||||eng|d
035 0 $aocm77953488
110 2 $aAdorra Nurseries.
245 10$aAndorra Nurseries from the Clouds.
260 0 $a[Philadelphia, Penn.] :$bThe Nurseries,$c[1921]
300   $a1 folded sheet (4 p.) :$bill. ;$c21 cm.
610 20$aAndorra Nurseries.
650  0$aNurseries (Horticulture)$zPennsylvania.
988   $a20020608
906   $0MH

