LEADER 00688nam a22001937u 4500
001 000000503-7
005 20020606090541.3
008 830203|1928    |||||||  |||| |0||||eng|d
035 0 $aocm79015578
100 1 $aHolst, Lodewyk Jan Rutgers,$d1863-
245 10$aTopography from the air /$cL.J.R. Holst.
260 0 $a[Philadelphia?], Penn. :$bFranklin Institute,$c1928.
300   $ap. 435-470, [2] folded leaves of plates :$bill., maps ;$c24 cm.
500   $aReprinted from: the Journal of the Franklin Institute, vol. 206, no. 4 (October 1928)
650  0$aAerial photography.
650  0$aTopographic maps.
710 2 $aFranklin Institute (Philadelphia, Pa.)
988   $a20020608
906   $0MH

