LEADER 00560nam a2200205K  4500
001 000000504-5
005 20020606090541.3
008 930219s1935    dcu           000 0 eng d
035 0 $aocm84028207
040   $aFLL$cFLL
110 2 $aAmerican Society of Photogrammetry.
245 10$aStandard specifications.
260   $aWashington,$bThe Society.$c[1935]
300   $a17 p.
500   $aNov. 15, 1935.
650  0$aAerial photogrammetry.
690  9$aPhotography, Aerial.$5des
690  9$aSurveying, Photographic, Aerial.$5des
988   $a20020608
906   $0MH

