LEADER 00590nam a2200217K  4500
001 000000505-3
005 20020606090541.3
008 930219s1936    dcu           000 0 eng d
035 0 $aocm80987608
040   $aFLL$cFLL
110 2 $aAmerican Society of Photogrammetry.
245 10$aStandard specifications.
250   $a2d ed.
260   $aWashington,$bThe Society.$c[1936]
300   $a25 p. + 3 p.
500   $aJuly 22, 1936.
650  0$aAerial photogrammetry.
690  9$aPhotography, Aerial.$5des
690  9$aSurveying, Photographic, Aerial.$5des
988   $a20020608
906   $0MH

