LEADER 00870nam a22002177u 4500
001 000000506-1
005 20030729145534.0
008 830203|1941    |||||||  |||| |0||||eng|d
035 0 $aocm82928967
245 00$aThis is "The Clearing" :$ban assembly of youth in an environment laden with spiritual force.
260 0 $aEllison Bay, Wis. :$bThe Clearing,$c[1941?]
300   $a[8] p. :$bill., map ;$c23 cm.
500   $aJens Jensen founded The Clearing.
501   $aWith: The voice of "The Clearing". Ellison Bay, Wis. : [The Clearing, 1941?]
610 20$aClearing (School : Ellison Bay, Wis.)
650  0$aLandscape architecture$xStudy and teaching$zWisconsin$zEllison Bay.
650  0$aHorticulture$xStudy and teaching$zWisconsin$zEllison Bay.
700 1 $aJensen, Jens,$d1860-1951.
710 2 $aClearing (School : Ellison Bay, Wis.)
988   $a20020608
906   $0MH

