LEADER 00527nam a22001577u 4500
001 000000507-X
005 20020606090541.3
008 830203|1952    |||||||  |||| |0||||dan|d
035 0 $aocm52995307
245 00$aAnlægsgartneri haveanlæg :$blicitation.
260 0 $aCopenhagen, Denmark :$bFællesrȧdet for Havekultur og Landskabsgartneri,$c[1952?]
300   $a15 p. :$bill. ;$c21 cm.
650  0$aLandscape architecture$zDenmark.
710 2 $aFællersrȧdet for Havekultur og Landskabsgartneri (Denmark)
988   $a20020608
906   $0MH

