LEADER 00855nam a22002057u 4500
001 000000508-8
005 20020606090541.3
008 830203|1928    |||||||  |||| |0||||eng|d
035 0 $aocm79205004
100 1 $aShurcliff, Arthur A.$q(Arthur Asahel),$d1870-1957.
245 10$aRelation of the landscape architect to the allied professions engaged in city planning /$cArthur A. Shurtleff.
260 0 $a[Boston, Mass.? :$bA.A. Shurtleff,$c1928]
300   $a5 p. ;$c28 cm.
500   $aTypescript.
500   $aPaper to be read before the American Society of Civil Engineers in New York City, January 19, 1928.
650  0$aLandscape architecture.
650  0$aCity planning.
773 0 $aAmerican Society of Civil Engineers.Proceedings, Dec. 1928, Feb., Mar., May 1929, vol. 54, 55, p. 2667-2671; 539-540; 827-830; 1283-1284
988   $a20020608
906   $0MH

