LEADER 00654nam a22002057u 4500
001 000000509-6
005 20020606090541.3
008 830203|1927    |||||||  |||| |0||||eng|d
035 0 $aocm81170882
100 1 $aEmerson, Charles M.
245 10$aAerial surveying as applied to tax equalization /$cby Charles M. Emerson.
260 0 $aNew York, N.Y. :$bFarirchild Aerial Surveys,$c1927.
300   $a[3] p. :$bill., maps ;$c26 cm.
500   $aReprinted from: The American city.
650  0$aPhotographic surveying.
650  0$aAerial photography.
650  0$aReal property tax.
710 2 $aFairchild Aerial Surveys, inc.
988   $a20020608
906   $0MH

