LEADER 00599nam a22001937u 4500
001 000000510-X
005 20020606090541.3
008 830203|1925    |||||||  |||| |0||||eng|d
035 0 $aocm80708288
100 1 $aFiske, Harold C.
245 10$aTopography from aerial photographs /$cHarold C. Fiske.
260 0 $aNew York, N.Y. :$bAirmap Corporation of America,$c[1925?]
300   $a10 p. :$bill., map ;$c30 cm.
500   $aReprinted from: The Military engineer.
650  0$aAerial photography.
650  0$aTopographic maps.
710 2 $aAirmap Corporation of America.
988   $a20020608
906   $0MH

