LEADER 00494nam a22001697u 4500
001 000000512-6
005 20020606090541.3
008 830203|1923    |||||||  |||| |0||||eng|d
035 0 $aocm82788355
245 00$aSky pictures.
260 0 $aNew York, N.Y. :$bFairchild Aerial Camera Corporation,$cc1923.
300   $a7 p. :$bill. ;$c28 cm.
610 20$aFairchild Aerial Camera Corporation.
650  0$aAerial photography.
710 2 $aFairchild Aerial Camera Corporation.
988   $a20020608
906   $0MH

