LEADER 00541nam a22001697u 4500
001 000000513-4
005 20020606090541.3
008 830203|1925    |||||||  |||| |0||||eng|d
035 0 $aocm83846793
245 04$aThe Stereoscope in aerial photography.
260 0 $aNew York, [N.Y.] :$bFairchild Aerial Surveys,$c[1925]
300   $a8 p. :$bill. ;$c31 cm. +$eone pair three dimensional viewing glasses.
650  0$aPhotography, Stereoscopic.
650  0$aAerial photography.
710 2 $aFairchild Aerial Surveys, inc.
988   $a20020608
906   $0MH

