LEADER 00814nam a22001937u 4500
001 000000514-2
005 20020606090541.3
008 830203|1969    |||||||  |||| |0||||eng|d
035 0 $aocm00027957
035 0 $aocm82387184
100 1 $aKrause, Orville E.
245 10$aAirphoto use in research management :$ba survey of non-federal purchasers of Agricultural Stabilization and Conservation Service airphotos /$cby Orville E. Krause.
260 0 $aWashington, D.C. :$bU.S. Dept. of Agriculture, Economic Research Service,$c1969.
300   $aiv, 26 p. :$bill., map, tables ;$c26 cm.
440  0$aAgriculture information bulletin ;$vno. 336
650  0$aAerial photography in agriculture$zUnited States.
710 1 $aUnited States.$bDepartment of Agriculture.$bEconomic Research Service.
988   $a20020608
906   $0MH

