LEADER 00788nam a22001817u 4500
001 000000515-0
005 20020606090541.3
008 830203|1966    |||||||  |||| |0||||eng|d
035 0 $aocn187940809
245 00$aAerial-photo interpretation in classifying and mapping soils /$cprepared by soil scientists and cartographers, Soil Survey staff, Soil Conservation Service.
260 0 $aWashington, D.C. :$bU.S. Dept. of Agriculture, Soil Conservation Service,$c1966.
300   $av, 89 p. :$bill., tables ;$c26 cm.
490 1 $aAgriculture handbook ;$v294
650  0$aAerial photography in soil surveys$zUnited States.
710 1 $aUnited States.$bSoil Conservation Service.
830  0$aAgriculture handbook (United States. Department of Agriculture) ;$vno. 294.
988   $a20020608
906   $0MH

