LEADER 02112cam a2200469   4500
001 000000516-9
005 20020606090541.3
008 720328s1971    dcua     b    000 0 eng  
010   $a   75612015 //r84
035 0 $aocm00446929
040   $aDLC$cDLC$dm/c$dFLL
043   $an-us---
050 0 $aS21$b.A74 no. 352$aHD111
082   $a630/.8 s$a333.7
100 1 $aBelcher, Donald Jenks.
245 10$aLand use classification with simulated satellite photography$c[by Donald J. Belcher, Ernest E. Hardy, and Elmer S. Phillips.
260   $aWashington]$bU.S. Dept. of Agriculture, Economic Research Service$c[1971]
300   $avii, 27 p.$billus.$c26 cm.
490 1 $aAgriculture information bulletin$vno. 352
500   $aResearch carried out by the Center for Aerial Photographic Studies at Cornell University under contract no. 12-17-04-1-463.
504   $aIncludes bibliographical references.
505 0 $aSummary and conclusions. pp. vii.
505 0 $aIntroduction -- Research procedures. pp. 1.
505 0 $aLand use information from simulated satellite imagery. pp. 9.
505 0 $aSummary of interpretability. pp. 22.
505 0 $aAppendix A. Simulation process. pp. 25.
505 0 $aAppendix B. Limitations on satellite photography. pp. 27.
505 0 $aLiterature cited. pp. 27.
520   $aAnd conclusions. pp. vii.
520   $aOf interpretability. pp. 22.
650  0$aLand use$xClassification.
650  0$aAerial photogrammetry.
655  7$aClassification.$2fast
700 1 $aHardy, Ernest E.$ejoint author.
700 1 $aPhillips, Elmer S.,$ejoint author.
710 2 $aCornell University.$bCenter for Aerial Photographic Studies.
700 1 $aHardy, Ernest E.,$eauthor.
700 1 $aPhillips, Elmer S.,$eauthor.
776 08$iOnline version:$aBelcher, Donald J. (Donald Jenks), 1911-2005.$tLand use classification with simulated satellite photography.$dWashington] U.S. Dept. of Agriculture, Economic Research Service [1971]$w(OCoLC)760223975
830  0$aAgriculture information bulletin ;$vno. 352.
988   $a20020608
906   $0DLC

