LEADER 00903nam a22002297u 4500
001 000000517-7
005 20020606090541.3
008 830203|1971    |||||||  |||| |0||||eng|d
035 0 $aocm15986019
035 0 $aocm85933405
245 04$aThe Look of our land; an airphoto atlas of the rural United States :$bthe mountains and deserts.
260 0 $aWashington, D.C. :$bU.S. Dept. of Agriculture, Economic Research Service,$c1971.
300   $a68 p. :$bill., maps ;$c24 x 29 cm.
490 1 $aAgriculture handbook ;$vno. 409
500   $aCompiled by Simon Baker and Henry W. Dill, Jr.
651  0$aUnited States$xAerial photographs.
700 1 $aBaker, Simon.
700 1 $aDill, Henry W.,$d1912-
710 1 $aUnited States.$bDepartment of Agriculture.$bEconomic Research Service.
830  0$aAgriculture handbook (United States. Department of Agriculture) ;$vno. 409.
988   $a20020608
906   $0MH

