LEADER 01106cam a2200277Ia 4500
001 000000518-5
005 20020606090541.3
008 781026s1971    dcuab    b   f000 0 eng d
035 0 $aocm04323159
040   $aUDI$cUDI$dm.c.$dAGL$dFLL
072   $aE110
090   $aHD205 1971$b.B167
100 1 $aBaker, Simon.
245 14$aThe look of our land :$ban airphoto atlas of the rural United States : the plains and prairies /$c[compiled by Simon Baker and Henry W. Dill, Jr.].
260   $aWashington, D.C. :$bU.S. Dept. of Agriculture, Economic Research Service,$c1971.
300   $a83, [1] p. :$bill., maps ;$c24 x 29 cm.
490 1 $aAgriculture handbook / United States Department of Agriculture ;$vno. 419
500   $aCover title.
504   $aBibliography: p. [84].
650  0$aLand use, Rural$zUnited States.
650  0$aPlains$zUnited States$xAerial photographs.
650  0$aPrairies$zUnited States$xAerial photographs.
700 1 $aDill, Henry W.,$d1912-
830  0$aAgriculture handbook (United States. Department of Agriculture) ;$vno. 419.
988   $a20020608
906   $0OCLC

