LEADER 00548nam a22001697u 4500
001 000000519-3
005 20020606090541.3
008 830203|1966    |||||||  |||| |0||||dut|d
035 0 $aocm81627642
100 1 $aBijhouwer, Jan Tijs Pieter.
245 10$aPerspectief-constructie zorder vertekening :$bbuoor tuinontwerpers en architecten /$cdoor J.T.P. Bijhouwer.
250   $a3de Herziene Druk.
260 0 $aAmsterdam :$bN.V. Uitgeuerij Argus,$c[1966].
300   $a70 p. :$bill. ;$c23 cm.
650  0$aLandscape architecture.
988   $a20020608
906   $0MH

