LEADER 00880nam a22001937u 4500
001 000000520-7
005 20090712065745.0
008 830203|1925    |||||||  |||| |0||||eng|d
035 0 $aocm79900256
111 2 $aAnnual Exhibition of Advertising Art$n(4th :$d1925 :$cNew York, N.Y.)
245 10$aFourth annual exhibition of original paintings and drawings used in advertising /$cheld by the Art Directors Club at the Art Center, 65 East 56th Street, New York, April 27 to May 14, 1925.
246 3 $a4th annual exhibition of original paintings and drawings used in advertising.
260 0 $aNew York, [N.Y.] :$bArt Directors Club,$c1925.
300   $a36 p. ;$c20 cm.
650  0$aCommercial art$zNew York (State)$zNew York$xExhibitions.
650  0$aAdvertising$zNew York (State)$zNew York$xExhibitions.
710 2 $aArt Directors Club (New York, N.Y.)
988   $a20020608
906   $0MH

