LEADER 00832nam a2200253K  4500
001 000000521-5
005 20020606090541.3
008 930310s1957    po            000 0 eng d
035 0 $aocm84066769
040   $aFLL$cFLL
100 1 $aBarreto, António Facco Vianna.
245 14$aThe arrangement of the Torre de Belém zone.
260   $aLisbon,$bThe Author,$c1957.
300   $a10 p.$bphotos, tables.
651  0$aTorre de Belém (Lisbon, Portugal)
690  9$aTowers$zPortugal. Lisbon.$5des
690  9$aLandscape preservation$zPortugal. Lison.$5des
690  9$aHistoric features$zPortugal. Lisbon.$5des
690  9$aRiverfronts$zPortugal. Lisbon.$5des
690  9$aParks$zPortugal. Lisbon.$5des
650  0$aLandscape$zPortugal$zLisbon$xHistory.
650  0$aParks$zPortugal$zLisbon.
988   $a20020608
906   $0MH

