LEADER 00831nam a22001937u 4500
001 000000522-3
005 20020606090541.3
008 830203|1959    |||||||  |||| |0||||eng|d
035 0 $aocm81795117
245 00$aExcavating and grading, County of Los Angeles :$bas covered in ordinance 2225 /$cOffice of County Engineer, John A. Lambie.
250   $aRev. to June 1, 1959.
260 0 $aLos Angeles, Calif. :$bLos Angeles County, Calif., Office of County Engineer,$c1959.
300   $a[29] p. ;$c21 cm.
500   $aIncludes cover letter to Librarian of Harvard Graduate School of Design and three pages of grading requirements.
650  0$aEarthwork$xLaw and legislation$zCalifornia$zLos Angeles County.
700 1 $aLambie, John A.
710 1 $aLos Angeles County (Calif.).$bOffice of County Engineer.
988   $a20020608
906   $0MH

