LEADER 00690nam a22001937u 4500
001 000000523-1
005 20020606090541.3
008 830203|1969    |||||||  |||| |0||||eng|d
035 0 $aocm78813242
245 00$aNurserystock census :$bcompiled from questionnaires received from 7 members.
260 0 $aBoston, Mass. :$bMassachusetts Nurserymen's Assoc.,$c1969.
300   $a12 p. ;$c28 cm.
500   $aTypescript.
500   $aIncludes cover letter from Association's Executive Director Richard S. Guild, and nurserystock census code.
650  0$aNursery stock$xInventories.
700 1 $aGuild, Richard S.
710 2 $aMassachusetts Nurserymen's Association.
988   $a20020608
906   $0MH

