LEADER 00771nam a22002057u 4500
001 000000524-X
005 20020606090541.3
008 830203|1944    |||||||  |||| |0||||eng|d
035 0 $aocm78628626
245 00$aWar memorials.
260 0 $a[Boston, Mass. :$bMassachusetts Horticultural Society,$c1944?]
300   $a1 folded sheet (3 p.) :$bill. ;$c10 x 15 cm.
500   $aBrochure issued by New England Nurserymen's Association and Boston chapter American Society of Landscape Architects.
650  0$aLandscape architecture.
650  0$aWar memorials$xPlanning.
710 2 $aNew England Nurseryman's Association.
710 2 $aAmerican Society of Landscape Architects.$bBoston Chapter.
710 2 $aMassachusetts Horticultural Society.
988   $a20020608
906   $0MH

