LEADER 00617nam a22001817u 4500
001 000000525-8
005 20040112095828.0
008 830203|1942    |||||||  |||| |0||||eng|d
035 0 $aocm78691983
245 04$aThe Answer to your color problems :$buse color scientifically.
260 0 $a[New York, N.Y. :$bFiatelle,$c1942?]
300   $a1 folded sheet (8 p.) :$bill. ;$c22 cm.
500   $aIncludes price list and order form for Color Helm; and article titled: Color at work by Matthew Luckiesh.
650  0$aColor guides.
700 1 $aLuckiesh, Matthew,$d1883-
710 2 $aFiatelle, Inc.
988   $a20020608
906   $0MH

