LEADER 00549nam a22001697u 4500
001 000000526-6
005 20090712065747.0
008 830203|1935    |||||||  |||| |0||||eng|d
035 0 $aocm77316151
100 1 $aAllen, Arthur B.$q(Arthur Bruce),$d1903-
245 14$aThe teaching of colours in schools :$bcomprising a re-statement of colour theories ... /$cby Arthur B. Allen.
250   $a2nd. ed.
260 0 $aLondon :$bWinsor & Newton Ltd.,$c1935.
300   $a8 p. :$bill. ;$c22 cm.
650  0$aColor$xStudy and teaching.
988   $a20020608
906   $0MH

