LEADER 00890nam a22002057u 4500
001 000000527-4
005 20020606090541.3
008 830203|1925    |||||||  |||| |0||||eng|d
035 0 $aocm84445163
245 00$aFour mural paintings in the First National Bank of Boston :$b1784.
246 3 $a4 mural paintings in the First National Bank of Boston.
260 0 $a[Boston, Mass.? :$bThe Bank?,$c1925?]
300   $a1 folded sheet (8 p.) :$bcol. ill. ;$c36 cm.
500   $aPlates for mural reproduction were used through the courtesy of the Ladies' Home Journal, where the paintings were first published in July and August 1925 issues.
500   $aMurals painted by N.C. Wyeth.
650  0$aMural painting and decoration$y20th century$zMassachusetts$zBoston.
700 1 $aWyeth, N. C.$q(Newell Convers),$d1882-1945.
710 2 $aFirst National Bank of Boston.
988   $a20020608
906   $0MH

