LEADER 00597nam a22001697u 4500
001 000000528-2
005 20020606090541.3
008 830203|1913    |||||||  |||| |0||||eng|d
035 0 $aocm81720631
100 1 $aMunsell, A. H.$q(Albert Henry),$d1858-1918.
245 10$aColor balance illustrated :$ban introduction to the Munsell System /$cA.H. Munsell.
260 0 $aBoston, [Mass.] :$bA.H. Munsell,$cc1913.
300   $a32 p., 1 col. plate :$bill. ;$c19 cm.
500   $aIncludes a brochure of materials for the Munsell color system.
650  0$aColor$xStudy and teaching.
988   $a20020608
906   $0MH

