LEADER 00790nam a22002057u 4500
001 000000529-0
005 20020606090541.3
008 830203|1957    |||||||  |||| |0||||eng|d
035 0 $aocm28430032
245 00$aNickerson color fan :$bmaximum chroma, 40 hues.
260 0 $a[Baltimore, MD. :$bMunsell Color Company,$c1957]
300   $a12 p. :$bill., charts, tables ;$c22 cm. +$e1 color fan.
500   $aIncludes reprint: Horticultural color chart names with Munsell key / by Dorothy Nickerson.
500   $aSelection and arrangement of colors in fan were made by Dorothy Nickerson.
500   $aColor fan distributed by American Horticultural Council.
650  0$aColor guides.
700 1 $aNickerson, Dorothy.
710 2 $aAmerican Horticultural Council.
988   $a20020608
906   $0MH

