LEADER 01035nam a2200241 a 4500
001 000000530-4
005 20020606090541.3
008 861016s1937    dcu           00100 eng d
035 0 $aocm22673653
035 1 $aMAHL86B5976
040   $aMH-L$cMH-L
043   $an-us---
110 2 $aAmerican Institute of Architects.
245 12$aA Circular of information concerning the fifth edition of the Standard documents.
260 0 $aWashington, D.C. :$bAmerican Institute of Architects,$cc1937.
300   $a40 p. ;$c28 cm.
440  0$aA.I.A. document ;$vno. 276
500   $a"Including the Report on Fire Insurance, the Full Cover Builder's Risk Fire Insurance Policy, the Standard Form of Arbitration Procedure, and the reprint of A Review of the Standard Documents .. prepared by ... William Stanley Parker."
610 20$aAmerican Institute of Architects.$tStandard documents of the American Institute of Architects.
650  0$aConstruction contracts.
700 1 $aParker, William Stanley,$d1877-
988   $a20020608
906   $0MH

