LEADER 00499nam a22001817u 4500
001 000000531-2
005 20020606090541.3
008 830203|1920    |||||||  |||| |0||||eng|d
035 0 $aocm83544812
245 00$aContract /$cOlmsted Brothers.
260 0 $a[Brookline, Mass. :$bOlmsted Brothers],$c1920.
300   $a[4] p. ;$c27 cm.
500   $aContract form used by firm.
650  0$aContracts.
650  0$aLandscape architects$xPractice.
710 2 $aOlmsted Brothers.
988   $a20020608
906   $0MH

