LEADER 00529nam a22001817u 4500
001 000000532-0
005 20020606090541.3
008 830203|1920    |||||||  |||| |0||||eng|d
035 0 $aocm84296541
245 00$aContract and specifications /$cOlmsted Brothers.
260 0 $a[Brookline, Mass. :$bOlmsted Brothers],$c[1920?]
300   $a[5] p. ;$c27 cm.
500   $aStandard contract form for the firm.
650  0$aContracts.
650  0$aLandscape architects$xPractice.
710 2 $aOlmsted Brothers.
988   $a20020608
906   $0MH

