LEADER 00565nam a22001697u 4500
001 000000533-9
005 20020606090541.3
008 830203|1920    |||||||  |||| |0||||eng|d
035 0 $aocm84028213
245 00$aContract for [ ] /$cCity of Boston, Park and Recreation Department.
260 0 $aBoston, [Mass.] :$bThe Department,$c[1920?]
300   $a6 p. ;$c28 cm.
500   $aStandard contract form for Parks and Recreation Dept.
650  0$aContracts$zMassachusetts$zBoston.
710 1 $aBoston (Mass.).$bParks and Recreation Department.
988   $a20020608
906   $0MH

