LEADER 00847nam a22001697u 4500
001 000000534-7
005 20020606090541.3
008 830203|1940    |||||||  |||| |0||||eng|d
035 0 $aocm77872257
245 04$aThe Landscape architect and the low-cost housing program :$bstatement of services normally rendered in connection with the development of low-cost housing projects /$cAmerican Society of Landscape Architects.
260 0 $aBoston, [Mass.] :$bThe Society,$c[1940]
300   $a[3] p. ;$c28 cm.
500   $aIncludes copy of contract covering services of the landscape architect, approved by the ASLA, and contract covering services of the landscape architect if engaged by the architect, not approved by the ASLA.
650  0$aLandscape architects$xPractice.
710 2 $aAmerican Society of Landscape Architects.
988   $a20020608
906   $0MH

