LEADER 00559nam a22001697u 4500
001 000000535-5
005 20020606090541.3
008 830203|1939    |||||||  |||| |0||||eng|d
035 0 $aocm84251851
100 1 $aShurcliff, Arthur A.$q(Arthur Asahel),$d1870-1957.
245 10$aSpecifications and contract :$bswimming pool and bath house for H. Wendell Endicott /$cArthur A. Shurcliff.
260 0 $aBoston, Mass. :$bA.A. Shurcliff,$c1939.
300   $a20 p. ;$c34 cm.
500   $aTypescript.
650  0$aSwimming pools$xSpecifications.
988   $a20020608
906   $0MH

