LEADER 00795nam a22001937u 4500
001 000000536-3
005 20020606090541.3
008 830203|1937    |||||||  |||| |0||||eng|d
035 0 $aocm15644000
245 04$aThe Standard documents of the American Institute of Architects /$cendorsed and published by the American Institute of Architects.
250   $a5th. ed.
260 0 $aWashington, D.C. :$bThe Institute,$cc1937.
300   $a[23] p. ;$c29 cm.
500   $aDocuments included are: agreement and general conditions of the contract, agreement between contractor and sub-contractor, letter of acceptance of sub-contractor's proposal, bond of suretyship.
650  0$aContracts.
650  0$aArchitectural practice.
710 2 $aAmerican Institute of Architects.
988   $a20020608
906   $0MH

