LEADER 00780nam a22001937u 4500
001 000000537-1
005 20020606090541.3
008 830203|1918    |||||||  |||| |0||||eng|d
035 0 $aocn187940867
245 04$aThe Standard documents of the American Institute of Architects.
250   $a3rd. ed.
260 0 $aWashington, D.C. :$bThe Institute,$cc1918.
300   $a[30] p. ;$c29 cm.
500   $aDocuments included are: Agreement between contractor and owner, form of agreement and general conditions of the contract, bond of suretyship, agreement between contractor and subcontractor, and letter of acceptance of subcontractor's proposal.
650  0$aContracts.
650  0$aArchitectural practice.
710 2 $aAmerican Institute of Architects.
988   $a20020608
906   $0MH

