LEADER 00751nam a22001937u 4500
001 000000538-X
005 20020606090541.3
008 830203|1966    |||||||  |||| |0||||eng|d
035 0 $aocm79006880
245 00$aNewport-Cape Cod trip, Saturday and Sunday, April 30-May 1, 1966 :$bdetailed schedule outline /$csponsored by Department of Landscape Architecture, Harvard Graduate School of Design.
260 0 $a[Cambridge, Mass. :$bThe School],$c1966.
300   $a[3] p. ;$c28 cm.
500   $aScript by Stanley H. White.
650  0$aLandscape$zMassachusetts$zCape Cod.
650  0$aArchitecture$zRhode Island$zNewport.
700 1 $aWhite, Stanley H.
710 2 $aHarvard University.$bDepartment of Landscape Architecture.
988   $a20020608
906   $0MH

