LEADER 00625nam a22001817u 4500
001 000000539-8
005 20090712065747.0
008 830203|1937    |||||||  |||| |0||||eng|d
035 0 $aocm81364486
245 00$aBeside the winding cedar.
260 0 $aEast Lansing, Mich. :$bMichigan State College of Agriculture and Applied Science,$c1937.
300   $a32 p. :$bill. ;$c27 cm.
490 0 $aMichigan State College bulletin ;$vv. 31, no. 13
610 20$aState Agricultural College (Mich.)
650  0$aUniversities and colleges$zMichigan$zEast Lansing.
710 2 $aState Agricultural College (Mich.)
988   $a20020608
906   $0MH

