LEADER 00669nam a22001817u 4500
001 000000540-1
005 20020606090541.3
008 830203|1937    |||||||  |||| |0||||eng|d
035 0 $aocm79643135
100 1 $aEverett, Thomas H.
245 10$aTraining of student gardeners at the New York Botanical Garden /$cT.H. Everett.
260 0 $aNew York, N.Y. :$bNew York Botanical Garden,$c1937.
300   $ap. 225-228 ;$c23 cm.
500   $aReprinted from: the Journal of the New York Botanical Garden, vol. 38, no. 454 (Oct., 1937)
650  0$aHorticulture$xStudy and teaching$zNew York (State)$zNew York.
710 1 $aNew York Botanical Garden.
988   $a20020608
906   $0MH

