LEADER 00693nam a22001817u 4500
001 000000541-X
005 20020606090541.3
008 830203|1941    |||||||  |||| |0||||eng|d
035 0 $aocm80445382
245 00$aLandscape architecture :$bdesign, construction, planting, maintenance, ...
260 0 $aAmes, Iowa :$bIowa State College, Dept. of Landscape Architecture,$c[1941]
300   $a1 folded sheet (4 p.) :$bill. ;$c31 cm.
490 0 $aIowa State College bulletin ;$vv. 40, no. 21
610 20$aIowa State College.$bDepartment of Landscape Architecture.
650  0$aLandscape architecture.
710 2 $aIowa State College.$bDepartment of Landscape Architecture.
988   $a20020608
906   $0MH

