LEADER 00613nam a22001697u 4500
001 000000542-8
005 20040406160413.0
008 830203|1924    |||||||  |||| |0||||eng|d
035 0 $aocm83067454
245 00$aLowthorpe School of Landscape Architecture for Women announces a special course for amateurs.
260 0 $aGroton, Mass. :$bThe School,$c1924.
300   $a1 folded sheet (4 p.) :$bill. ;$c16 cm.
610 20$aLowthorpe School of Landscape Architecture$xCurricula.
650  0$aLandscape architecture$xStudy and teaching.
710 2 $aLowthorpe School of Landscape Architecture.
988   $a20020608
906   $0MH

