LEADER 00561nam a22001577u 4500
001 000000543-6
005 20020606090541.3
008 830203|1920    |||||||  |||| |0||||eng|d
035 0 $aocm79965541
100 1 $aPope, Henrietta Marquis.
245 10$aHenrietta Marquis Pope announces that she has opened an office ... for the professional practice of landscape architecture /$cHenrietta Marquis Pope.
260 0 $aBoston, Mass. :$bH.M. Pope,$c1920.
300   $a1 leaf ;$c10 x 13 cm.
650   $aLandscape architects$zMassachusetts$zBoston.
988   $a20020608
906   $0MH

