LEADER 00700nam a22002057u 4500
001 000000544-4
005 20020606090541.3
008 830203|1928    |||||||  |||| |0||||eng|d
035 0 $aocn187940897
100 1 $aFairchild, Sherman M.
245 14$aThe aerial survey in Connecticut tax equalization /$cby Sherman M. Fairchild.
260 0 $aNew York, [N.Y.] :$bFairchild Aerial Surveys,$c[1928]
300   $ap. 5-9 :$bill. ;$c28 cm.
500   $aReprinted from: Connecticut industry (April, 1928)
500   $aIncludes two Fairchild brochures.
650  0$aPhotographic surveying.
650  0$aReal property tax$zConnecticut.
710 2 $aFairchild Aerial Surveys, inc.
988   $a20020608
906   $0MH

