LEADER 00622nam a22001817u 4500
001 000000545-2
005 20020606090541.3
008 830203|1922    |||||||  |||| |0||||eng|d
035 0 $aocm84028218
100 1 $aFairchild, Sherman M.
245 10$aWinged surveyors :$bwhat aerial photography is doing for industry /$cSherman M. Fairchild.
260 0 $a[New York, N.Y. :$bFairchild Aerial Camera Corp.,$c1922]
300   $ap. 157-160 :$bill. ;$c36 cm.
500   $aReprinted from: Scientific american (March, 1922)
650  0$aAerial photography.
710 2 $aFairchild Aerial Camera Corporation.
988   $a20020608
906   $0MH

