LEADER 00476nam a22001697u 4500
001 000000546-0
005 20081202152503.0
008 830203|1928    |||||||  |||| |0||||eng|d
035 0 $aocm82471894
245 00$aFairchild.
260 0 $a[New York, N.Y. :$bFairchild Aerial Surveys,$c1928?]
300   $a22 p. :$bill., maps ;$c29 cm.
610 20$aFairchild Aerial Surveys, inc.
650  0$aAerial photography.
710 2 $aFairchild Aerial Surveys, inc.
988   $a20020608
906   $0MH

