LEADER 00597nam a22001697u 4500
001 000000547-9
005 20020606090541.3
008 830203|1927    |||||||  |||| |0||||eng|d
035 0 $aocm78938155
245 00$aFairchild aerial photographic maps as applied to right of way and location surveys for transmission lines, railways and highways.
260 0 $aNew York, N.Y. :$bFairchild Aerial Surveys,$c[1927?]
300   $a1 folded sheet (6 p.) :$bill. ;$c28 cm.
650  0$aAerial photography.
650  0$aAerial photogrammetry.
710 2 $aFairchild Aerial Surveys, inc.
988   $a20020608
906   $0MH

