LEADER 00533nam a22001697u 4500
001 000000548-7
005 20020606090541.3
008 830203|1894    |||||||  |||| |0||||eng|d
035 0 $aocm83937059
245 00$aGardens and the landscape architect :$bin the interest of artistic grounds and their harmonious treatment.
260 0 $aBoston, [Mass.] :$bGray & Blaisdell,$c1894.
300   $a18 p. :$bill. ;$c13 x 18 cm.
650  0$aLandscape architecture.
650  0$aGardens.
710 2 $aGray and Blaisdell.
988   $a20020608
906   $0MH

