LEADER 00594nam a22001937u 4500
001 000000549-5
005 20020606090541.3
008 830203|1925    |||||||  |||| |0||||eng|d
035 0 $aocm81627648
245 00$aStereophoto surveying from the air.
260 0 $a[Philadelphia, Pa. :$bBrock & Weymouth],$c1925.
300   $a[11] p. :$bill., maps ;$c28 cm.
490 0 $aBrock & Weymouth bulletin ;$vno. 2
500   $aReprint from: Engineering news-record (April, 1925)
650  0$aTopographic maps.
650  0$aAerial photogrammetry.
710 2 $aBrock & Weymouth.
988   $a20020608
906   $0MH

