LEADER 01428nam a22002777u 4500
001 000000550-9
005 20020606090541.3
008 830203|1974    |||||||  |||| |0||||eng|d
035 0 $aocm02671061
050  4$aHT392$b.E28
111 2 $aAerial Photography as a Planning Tool$d(1973 :$cIthaca, N.Y.)
245 10$aProceedings of the Kodak seminar :$baerial photography as a planning tool.
260 0 $a[Rochester, N.Y.] :$bEastman Kodak Company,$cc1974.
300   $a48 p. :$bill. (some col.) ;$c28 cm.
440  0$aKodak publication ;$vno. M-128
500   $aSeminar held on Oct. 15 and 16, 1973 at Eastman Kodak Company, Rochester, New York, and at Cornell University Center for Aerial Photographic Studies, Ithaca, New York.
650  0$aAerial photography$xStudy and teaching$zNew York (State)$zRochester.
650  0$aAerial photography in regional planning$xStudy and teaching$zNew York (State)$zRochester.
650  0$aAerial photography$vCongresses.
650  0$aRegional planning$vCongresses.
655  7$aConference proceedings.$2fast
710 2 $aEastman Kodak Company.
710 2 $aCornell University.$bCenter for Aerial Photographic Studies.
776 08$iOnline version:$aKodak Seminar: Aerial Photography as a Planning Tool (1973 : Rochester, N.Y., and Ithaca, N.Y.).$tProceedings of the Kodak Seminar.$dRochester, N.Y. : Eastman Kodak Co., ©1974$w(OCoLC)560750879
988   $a20020608
906   $0MH

