LEADER 00611cam a2200193Li 4500
001 000000551-7
005 20020606090541.3
008 820625s1972    nz a          000 0 eng d
035 0 $aocm10395799
040   $aMNU$cMNU$dFLL
100 1 $aBoffa, Frank D.
245 10$aLandscape graphics handbook.
260   $a[Christ-church, N.Z.:$bLincoln College,$c1972]
300   $a[123] p. :$bill. ;$c33 cm.
490 0 $aStudy - Lincoln College, New Zealand. Horticulture Dept. Landscape Architecture Section ;$vno. 7
650  0$aArchitectural drawing.
650  0$aLandscape architecture.
988   $a20020608
906   $0OCLC

