LEADER 00544nam a2200193K  4500
001 000000552-5
005 20020606090541.3
008 931203s1905    mau           000 0 eng d
035 0 $aocm09414514
040   $aFLL$cFLL
100 1 $aWoodbury, Charles H.
245 10$aPencil sketches of native trees.
260   $aSpringfield, Mass.,$bMilton Bradley Co.,$cc1905.
300   $a10 plates.$bsketches.$c30 cm.
650  0$aTrees$zNew England.
690  9$aTrees, Representation.$5des
690  9$aDrawing, Pencil.$5des
988   $a20020608
906   $0MH

