LEADER 00459nam a22001577u 4500
001 000000553-3
005 20080305101601.0
008 830203s192u    |||||||  |||| |0||||eng|d
035 0 $aocn232006629
100 1 $aGrumbine, LeRoy.
245 10$aModeler and illustrator of architectural designs /$cLeroy Grumbine.
260 0 $aCleveland, [Ohio] :$bL. Grumbine,$c[192-?]
300   $a[1]p. :$bill. ;$c23 cm.
650  0$aArchitectural models.
988   $a20020608
906   $0MH

