LEADER 00606nam a22001817u 4500
001 000000554-1
005 20020606090541.3
008 830203|1925    |||||||  |||| |0||||eng|d
035 0 $aocm84304336
100 1 $aGrumbine, LeRoy.
245 14$aThe use of scale models as an aid to the architect /$cbyLeroy Grumbine.
260 0 $a[Cleveland, Ohio] :$bL. Grumbine,$c[1925]
300   $a[6] p.$bill. ;$c30 cm.
500   $aReprinted from: The western architect (June, 1925)
500   $aIncludes cover letter from Leroy Grumbine to Henry V. Hubbard.
650  0$aArchitectural models.
988   $a20020608
906   $0MH

