LEADER 00508nam a22001817u 4500
001 000000555-X
005 20020606090541.3
008 830203|1914    |||||||  |||| |0||||eng|d
035 0 $aocm80557391
110 2 $aHowell's Microcosm
245 10$aHowell's Microcosm.
260 0 $aWashington, D.C. :$bHowell's Microcosm,$c[1914?]
300   $a1 folded sheet (12 p.) :$bill., maps ;$c29 cm.
610 20$aHowell's Microcosm.
650  0$aArchitectural models.
650  0$aRelief models.
988   $a20020608
906   $0MH

