LEADER 00539naa a2200181M  4500
001 000000556-8
005 20020606090541.3
008 860411r19181918nyu           000 0 eng d
035 0 $aocm16339571
040   $aHUH$cHUH$dHMZ
100 1 $aSayles, Robert Wilcox,$d1878-1942.
245 12$aA naturalistic model of Kilauea Volcano, Hawaii.
260   $aNew York,$bAmerican Geographical Society,$c1918.
300   $a38-43 p.$billus.
651  0$aKilauea Volcano (Hawaii)
773 0 $tGeogr. review.$g1918. 5. 38-43.
988   $a20020608
906   $0OCLC

