LEADER 00830nam a22002297u 4500
001 000000557-6
005 20020606090541.3
008 830203|1936    |||||||  |||| |0||||eng|d
035 0 $aocn187940937
245 04$aThe Harvard Forest models.
260 0 $aCambridge, Mass. :$bHarvard Forest,$c1936.
300   $a19 p. :$bill. ;$c24 cm.
500   $aPublished by the Harvard Forest on the occasion of the tercentary celebration of Harvard University.
610 20$aHarvard Forest (Research facility)
610 20$aHarvard University$xAnniversaries, etc.
610 20$aHarvard University$xCentennial celebrations, etc.
650  0$aForests and forestry$zNew England$xHistory.
650  0$aForests and forestry$xModels.
710 2 $aHarvard Forest (Research facility)
710 2 $aHarvard University.
988   $a20020608
906   $0MH

