LEADER 00582nam a2200193K  4500
001 000000558-4
005 20090712065748.0
008 931103s1932    dcu          f000 0 eng d
035 0 $aocm78938641
040   $aFLL$cFLL
110 1 $aUnited States.$bDepartment of Commerce.$bStandard State Mechanics' Lien Act Committee.
245 14$aThe uniform mechanics' lien act.
260   $aWashington,$bThe Committee.$c[1932]
300   $a52 p.
500   $aFeb. 1932.
650  0$aMechanics' liens$zUnited States.
690  9$aContracts and specifications.$5des
988   $a20020608
906   $0MH

