LEADER 00607nam a22001577u 4500
001 000000559-2
005 20020606090541.3
008 830203|1953    |||||||  |||| |0||||eng|d
035 0 $aocm78815762
245 00$aContract documents for site preparation.
260 0 $a[Washington, D.C.?] :$bHousing and Home Finance Agency, Division of Slum Clearance and Urban Redevelopment,$c[1953]
300   $a43 p. :$bforms ;$c26 cm.
650  0$aConstruction contracts$zUnited States.
710 1 $aUnited States.$bHousing and Home Finance Agency.$bDivision of Slum Clearance and Urban Redevelopment.
988   $a20020608
906   $0MH

