LEADER 00750nam a2200217K  4500
001 000000560-6
005 20020606090541.3
008 930714s1945    vau           000 0 eng d
035 0 $aocm82852908
040   $aFLL$cFLL
110 1 $aLynchburg (Va.).$bDepartment of Public Works.
245 10$aGeneral contract, bond, and specifications.$bPublic works improvements and municipal construction.
260   $aLynchburg, Va.,$bThe Dept.$c[1945]
300   $a70 p.$bplans, cross-sections, tables.
500   $aOct. 1945.
650  0$aPublic contracts$zVirginia$zLynchburg.
690  9$aContracts & spec.$5des
690  9$aPublic works$zUnited States. Lynchburg, Va.$5des
690  9$aPavements$xContracts and specs.$5des
988   $a20020608
906   $0MH

