LEADER 00620nam a22001697u 4500
001 000000561-4
005 20020606090541.3
008 830203|1876    |||||||  |||| |0||||eng|d
035 0 $aocm80768202
245 00$aProposals for estimates for improving and constructing Riverside Avenue, between 72nd Street and 130th Street, in the City of New York.
260 0 $aNew York, [N.Y.] :$bDept. of Public Parks,$c1876.
300   $a33 p. :$bforms ;$c36 cm.
651  0$aRiverside Drive (New York, N.Y.)
650  0$aStreets$zNew York (State)$zNew York.
710 1 $aNew York (N.Y.).$bDepartment of Parks.
988   $a20020608
906   $0MH

