LEADER 00882nam a22002297u 4500
001 000000562-2
005 20090712065749.0
008 830203|1911    |||||||  |||| |0||||eng|d
035 0 $aocm08165045
100 1 $aWarren, George M.
245 10$aTidal marshes and their reclamation /$cby George M. Warren.
260 0 $aWashington, D.C. :$bU.S. Dept. of Agriculture :$bU.S. G.P.O.,$c1911.
300   $a99 p., 24 leaves of plates :$bill. (some fold.), maps ;$c23 cm.
490 1 $aOffice of Experiment Stations bulletin ;$vno. 240
500   $aPrepared under the direction of C.G. Elliott.
650  0$aSalt marshes$zUnited States.
650  0$aReclamation of land$zUnited States.
700 1 $aElliott, C. G.
710 1 $aUnited States.$bOffice of Experiment Stations.
830  0$aBulletin (United States. Office of Experiment Stations) ;$vno. 240.
988   $a20020608
906   $0MH

