LEADER 00486nam a22001577u 4500
001 000000563-0
005 20020606090541.3
008 830203|1928    |||||||  |||| |0||||eng|d
035 0 $aocm83073574
245 00$aBerlay concrete form construction handbook.
260 0 $a[Canton, Ohio] :$bBerger Manufacturing Co.,$c[c1928]
300   $a95 p. :$bill., charts ;$c28 cm.
650  0$aConcrete construction$xHandbooks, manuals, etc.
710 2 $aBerger Manufacturing Co.
988   $a20020608
906   $0MH

