LEADER 00487nam a22001697u 4500
001 000000564-9
005 20020606090541.3
008 830203|1939    |||||||  |||| |0||||eng|d
035 0 $aocm83846797
110 2 $aLinley & Case.
245 02$aA complete service /$cLinley & Case.
260 0 $aRidgefield, Conn. :$bLinley & Case,$c[1939]
300   $a[2] leaves :$bill. ;$c30 cm.
610 20$aLinley & Case.
650  0$aLandscape architects$zConnecticut$zRidgefield.
988   $a20020608
906   $0MH

