LEADER 00481nam a2200181K  4500
001 000000565-7
005 20020606090541.3
008 930417n        xx            000 0 eng d
035 0 $aocm82202972
040   $aFLL$cFLL
100 1 $aCornell, Ralph D.
245 10$aBeauty as a factor in education.
300   $a4 p.$bphotos, sketches.
650  0$aEnvironment (Aesthetics)
690  9$aEsthetics.$5des
690  9$aUniv. and colleges$xEsthetic cons.$5des
988   $a20020608
906   $0MH

