LEADER 00516nam a2200193K  4500
001 000000566-5
005 20020606090541.3
008 931206s1930    xx            000 0 eng d
035 0 $aocm82736759
040   $aFLL$cFLL
100 1 $aWyman, Phelps.
245 14$aThe garden that is ours.
260   $bPhelps Wyman.$c1930.
300   $a15 p.$bphotos.
650  0$aGardens.
690  9$aLandscape architecture$xProf. practice. Ann.$5des
690  9$aLandscape architecture$xPublicity.$5des
988   $a20020608
906   $0MH

