LEADER 00612nam a22001817u 4500
001 000000567-3
005 20020606090541.3
008 830203|1952    |||||||  |||| |0||||eng|d
035 0 $aocm81362506
110 2 $aHare and Hare (Firm)
245 14$aThe firm of Hare and Hare, city planners, landscape architects, and site planners, announces ...
260 0 $aKansas City, Mo. :$bThe Firm,$c1952.
300   $a1 folded sheet (1 p.) ;$c18 x 20 cm.
610 20$aHare and Hare (Firm)
650  0$aLandscape architects$zMissouri$zKansas City.
650  0$aCity planners$zMissouri$zKansas City.
988   $a20020608
906   $0MH

