LEADER 00522nam a22001697u 4500
001 000000568-1
005 20020606090541.3
008 830203|1961    |||||||  |||| |0||||eng|d
035 0 $aocm78834959
110 2 $aOlmsted Associates.
245 10$aOlmsted Associates :$blandscape architects [brochure]
260 0 $aBrookline, Mass. :$bThe Associates,$c1961.
300   $a1 folded sheet (3 p.) ;$c10 x 22 cm.
610 20$aOlmsted Associates.
650  0$aLandscape architects$zMassachusetts$zBrookline.
988   $a20020608
906   $0MH

