LEADER 00632nam a22001697u 4500
001 000000569-X
005 20020606090541.3
008 830203|1923    |||||||  |||| |0||||eng|d
035 0 $aocm84256718
110 2 $aArchitectural League of New York.$bAnnual Exhibition$n(39th :$d1924 :$cNew York, New York)
245 10$aCircular of information :$bthirty-ninth annual exhibition /$cArchitectural League of New York.
260 0 $aNew York, N.Y. :$bThe League,$c[1923?]
300   $a6 p. :$c27 cm.
500   $aIncludes entry forms for exhibitors.
650  0$aArchitecture$zNew York (State)$zNew York$xExhibitions.
988   $a20020608
906   $0MH

