LEADER 00594nam a22001697u 4500
001 000000570-3
005 20020606090541.3
008 830203|1923    |||||||  |||| |0||||eng|d
035 0 $aocm81181988
245 00$aCompetitions :$bthe Henry O. Avery Prize for sculpture /$cto be held under the auspices of the Architectural League of New York.
260 0 $a[New York, N.Y.] :$bThe League,$c1923.
300   $a[1] p. ;$c28 cm.
610 20$aHenry O. Avery Prize.
650  0$aSculpture$xCompetitions$zNew York (State)$zNew York.
710 2 $aArchitectural League of New York.
988   $a20020608
906   $0MH

