LEADER 00691nam a22001817u 4500
001 000000571-1
005 20020606090541.3
008 830203|1930    |||||||  |||| |0||||eng|d
035 0 $aocm52311345
100 1 $aPostgate, Margaret J.
245 10$aAbout soap sculpture /$cby Margaret J. Postgate.
260 0 $a[New York, N.Y.] :$bProctor & Gamble Co. National Soap Sculpture Committee,$c[1930]
300   $a18 p. :$bill. ;$c16 cm.
500   $aIncludes eight pages of information relative to the Proctor & Gamble annual soap sculpture competition.
650  0$aSoap sculpture$xCompetitions.
710 2 $aProcter & Gamble Company.$bNational Soap Sculpture Committee.
988   $a20020608
906   $0MH

