LEADER 00567nam a22001697u 4500
001 000000572-X
005 20020606090541.3
008 830203|1947    |||||||  |||| |0||||eng|d
035 0 $aocm78604901
245 00$aCircular of information :$bbrief for a briefer specification.
260 0 $a[S.l.] :$bAmerican Institute of Architects,$c1947.
300   $a6 p. ;$c28 cm.
500   $aReprint from: Bulletin of the American Institute of Architects (September, 1947)
650  0$aArchitectural practice.
710 2 $aAmerican Institute of Architects.
988   $a20020608
906   $0MH

