LEADER 00532nam a22001577u 4500
001 000000573-8
005 20020606090541.3
008 830203|1920    |||||||  |||| |0||||eng|d
035 0 $aocm79833127
245 00$aContracts and specifications :$bconstruction of ponds and brooks, grading, drainage, waterworks, etc. /$cOlmsted Brothers.
260 0 $aBrookline, Mass. :$bThe Brothers,$c1922.
300   $a22 p. ;$c27 cm.
650  0$aArchitectural practice$zMassachusetts$zBrookline.
710 2 $aOlmsted Brothers.
988   $a20020608
906   $0MH

