LEADER 00648nam a22001697u 4500
001 000000574-6
005 20091102091113.0
008 830331|1931    |||||||  |||| |0||||eng|d
035 0 $aocm79005896
245 00$aSpecifications for Indian Boundary Golf Course :$bContract A, landscaping and drainage /$cForest Preserve District of Cook County, Chicago.
260 0 $aChicago, [Ill.] :$bThe District,$c1931.
300   $a[48] p. ;$c36 cm.
650  0$aIndian Boundary Golf Course (Illinois).
650  0$aLandscape architecture$xPractice$zIllinois$zChicago.
710 1 $aForest Preserve District of Cook County, Illinois (Ill.)
988   $a20020608
906   $0MH

