LEADER 00813nam a22002057u 4500
001 000000575-4
005 20020606090541.3
008 830203|1954    |||||||  |||| |0||||eng|d
035 0 $aocm35401848
100 1 $aLegget, Robert Ferguson.
245 10$aPermafrost research /$cby R.F. Legget.
260 0 $a[Ottawa], Canada :$bNational Research Council, Division of Building Research,$c[1954]
300   $ap. 41-46 :$bill. ;$c10 cm.
490 0 $aDivision of Building Research technical paper ;$vno. 40
500   $aReprinted from: Artic research special publication no. 2 of the Artic Institute of North America.
650  0$aFrozen ground$xResearch$zCanada.
710 2 $aNational Research Council Canada.$bDivision of Building Research.
710 2 $aArctic Institute of North America.
988   $a20020608
906   $0MH

