LEADER 00573nam a2200193K  4500
001 000000576-2
005 20020606090541.3
008 930619n        enk           000 0 eng d
035 0 $aocm83476546
040   $aFLL$cFLL
100 1 $aGreening, Edward Owen,$d1836-1923.
245 10$aGarden making.
260   $aLondon,$bAgricultural and Horticultural Association.$c[n.d.]
300   $a32 p.$bphotos, cross-sections.
490 0 $aOne and all garden books,$vno. 10
650  0$aGardening.
690  9$aLandscape construction and maintenance.$5des
988   $a20020608
906   $0MH

