LEADER 00498nam a2200181K  4500
001 000000577-0
005 20020606090541.3
008 930702s1953    no            000 0 nor d
035 0 $aocm79834141
040   $aFLL$cFLL
100 1 $aHøydahl, Harald Sunne.
245 10$aVillahagen.
260   $aOslo, [Norway],$bMarius Lunds Forlag,$c1953.
300   $a79 p.$bsketches, tables.
650  0$aLandscape architecture.
690  9$aLandscape construction & maintenance.$5des
988   $a20020608
906   $0MH

