LEADER 00613nam a22001697u 4500
001 000000578-9
005 20020606090541.3
008 830203|1954    |||||||  |||| |0||||eng|d
035 0 $aocm84061179
110 2 $aLandscape Materials Information Service.
245 10$aLandscape Materials Information Service :$bwhat it is, what it does, how it can help you.
260 0 $aCallicoon, N.Y. :$bThe Service,$c[1954]
300   $a1 folded sheet (4 p.) ;$c28 cm.
500   $aIncludes service bulletin no. 101.
650  0$aLandscape architecture$zNew York (State)$zCallicoon$xInformation services.
988   $a20020608
906   $0MH

