LEADER 00641nam a22001697u 4500
001 000000579-7
005 20020606090541.3
008 830203|1946    |||||||  |||| |0||||eng|d
035 0 $aocm77713128
245 00$aProduction in building and civil engineering :$bsupplement no. 1, dealing with the analysis of man-hours and machine-hours expended ... /$cMinistry of Works.
260 0 $aLondon :$bH.M.S.O.,$c1946.
300   $a8 p., [3] folded leaves :$btables ;$c33 cm.
650  0$aCivil engineering$xProduction control.
650  0$aWork measurement.
710 1 $aGreat Britain.$bMinistry of Public Building and Works.
988   $a20020608
906   $0MH

