LEADER 00792cam a2200229Ia 4500
001 000000580-0
005 20020606090541.3
008 881111s1942    maua         s000 0 eng d
035 0 $aocm18751330
040   $aRQF$cRQF$dAGL$dFLL
043   $an-us-ma
072   $aF900$aF110
100 1 $aMcKenzie, Malcolm A.$q(Malcolm Arthur),$d1903-
245 12$aA civilian program for tree protection /$cby Malcolm A. McKenzie.
260   $aAmherst, Mass. :$bMassachusetts State College,$c1942.
300   $a30 p. :$bill. ;$c23 cm.
490 1 $aBulletin / Massachusetts Agricultural Experiment Station ;$vno. 397
500   $aCover title.
650  0$aTrees, Care of$zMassachusetts.
830  0$aBulletin (Massachusetts Agricultural Experiment Station) ;$vno. 397.
988   $a20020608
906   $0OCLC

