LEADER 00664nam a2200205K  4500
001 000000581-9
005 20020606090541.3
008 930927s1923    mau           000 0 eng d
035 0 $aocm83884647
040   $aFLL$cFLL
100 1 $aStone, George E.$q(George Edward),$d1860-1941.
245 10$aReport on the great ice storm in Massachusetts.
260   $aBoston,$bMassachusetts Tree Wardens' and Foresters' Association.$c[1923]
300   $a15 p.
650  0$aStorms$zMassachusetts.
690  9$aPlants$xProtection.$5des
690  9$aTrees$xProtection from damage.$5des
690  9$aReconstruction, after tornado or hurricane.$5des
988   $a20020608
906   $0MH

