LEADER 00838cam a2200229Ia 4500
001 000000582-7
005 20020606090541.3
008 870326s1945    dcua         f000 0 eng d
035 0 $aocm15370418
040   $aRQF$cRQF$dAGL$dFLL
072   $aK200
100 1 $aFowles, Marvin E.$q(Marvin Edward),$d1904-
245 10$aReducing damage to trees from construction work /$cby Marvin E. Fowles, G.F. Gravatt and A. Robert Thompson.
260   $aWashington, D.C. :$bU.S. Dept. of Agriculture,$c1945.
300   $aii, 26 p. :$bill. ;$c23 cm.
490 1 $aFarmers' bulletin / United States Department of Agriculture ;$vno. 1967
650  0$aTrees, Care of.
700 1 $aGravatt, G. F.
700 1 $aThompson, A. Robert.
830  0$aFarmers' bulletin (United States. Department of Agriculture) ;$vno. 1967.
988   $a20020608
906   $0OCLC

