LEADER 00472nam a22001577u 4500
001 000000583-5
005 20020606090541.3
008 830203|1915    |||||||  |||| |0||||eng|d
035 0 $aocm81093294
245 00$aTear-down week /$cMassachusetts Forestry Association.
260 0 $aBoston, Mass. :$bThe Association,$c[1915]
300   $a[1] p. ;$c11 cm.
650  0$aTrees, Care of$xCitizen participation.
710 2 $aMassachusetts Forestry Association.
988   $a20020608
906   $0MH

