LEADER 00843nam a22002177u 4500
001 000000584-3
005 20020606090541.3
008 830203|1934    |||||||  |||| |0||||eng|d
035 0 $aocm41198224
100 1 $aNewcomb, Rexford,$d1886-1968.
245 10$aEconomic and social values of good architecture and landscaping /$cby Rexford Newcomb.
260 0 $aUrbana, Ill. :$bIllinois State Geological Survey,$c1934.
300   $ap.89-99 ;$c25 cm.
500   $aReprinted from: Contributions to the second annual mineral industries conference; home building in Illinois.
650  0$aArchitecture$xEconomic aspects.
650  0$aArchitecture$xSocial aspects.
650  0$aLandscape architecture$xEconomic aspects.
650  0$aLandscape architecture$xSocial aspects.
710 2 $aIllinois State Geological Survey.
988   $a20020608
906   $0MH

