LEADER 00802nam a22002177u 4500
001 000000585-1
005 20020606090541.3
008 830203|1917    |||||||  |||| |0||||eng|d
035 0 $aocm19911552
035 0 $aocn187941061
050  4$aTP270.5$b.H35 1917
245 00$aHand book of explosives :$binstructions in the use of explosives for clearing land ...
246 3 $aDuPont hand book of explosives
260 0 $aWilmington, Del. :$bE.I. du Pont de Nemours & Company,$c[1917]
300   $a112 p. :$bill., tables ;$c23 cm.
650  0$aExplosives in agriculture.
650  0$aExplosives.
710 2 $aE.I. du Pont de Nemours & Company.
776 08$iOnline version:$tHand book of explosives.$dWilmington, Del. : E.I. du Pont de Nemours & Co., ©1917$w(OCoLC)441942157
988   $a20020608
906   $0MH

