LEADER 00946nam a22002417u 4500
001 000000586-X
005 20090416224034.0
008 830203|1878    mau||||  |||| |0||||eng|d
035 0 $aocm83412667
040   $dMH-Ar
100 1 $aMoore, Charles H.
245 10$aCatalogue with notes of studies and facsimiles from examples of the works of Florence and Venice ... :$bbelonging to the Fine Arts Department of Harvard University /$cby Charles H. Moore.
260 0 $aCambridge, [Mass.] :$bJohn Wilson and Son,$c1878.
300   $a32 p. ;$c22 cm.
500   $aCatalog of an exhibition of the Harvard Art Club, at Thayer Hall, December, 1878.
650  0$aArt$vExhibitions.
610 20$aHarvard Art Club.
610 20$aHarvard University$xStudents$xSocieties, etc.
650  0$aArt$zMassachusetts$zCambridge$xExhibitions.
710 2 $aHarvard University.$bDepartment of Fine Arts.
710 2 $aHarvard Art Club.
988   $a20020608
906   $0MH

