LEADER 00560nam a22001697u 4500
001 000000587-8
005 20020606090541.3
008 830602|1967    |||||||  |||| |0||||eng|d
035 0 $aocm00454383
245 00$aEarthwork computation table /$cMassachusetts Department of Public Works.
260 0 $a[Boston?], Mass. :$bThe Dept.,$c1967.
300   $a[20] p. :$bchiefly tables ;$c28 cm.
490 0 $aMass. Dept. of Public Works publication ;$vno.777
650  0$aEarthwork$xTables.
710 1 $aMassachusetts.$bDepartment of Public Works.
988   $a20020608
906   $0MH

