LEADER 00680nam a22001937u 4500
001 000000588-6
005 20020606090541.3
008 830203|1927    |||||||  |||| |0||||eng|d
035 0 $aocm40383651
035 0 $aocn187941076
090   $aS679$b.F37 1927
245 00$aFarmers' handbook of explosives :$binstructions in the use of explosives for clearing land, planting ...
260 0 $aWilmington, Del. :$bE.I. du Pont de Nemours & Co.,$c[c1927]
300   $a101 p. :$bill., tables ;$c23 cm.
650  0$aExplosives in agriculture.
710 2 $aE.I. du Pont de Nemours & Company.
710 2 $aE.I. du Pont de Nemours & Company.$bExplosives Department.
988   $a20020608
906   $0MH

