LEADER 01219cam a2200301 i 4500
001 000000589-4
005 20020606090541.3
008 760720s1976    dcu     ab    000 0 eng  
010   $a   76363002 //r84
035 0 $aocm02967520
035 0 $aocm02967520$zocm02086609
040   $aDLC$cDLC$dFLL
043   $an-us-dc
050 0 $aHD7304.W3$bB62
082   $a333.3/3
100 1 $aBlack, J. Thomas$q(James Thomas),$d1942-
245 10$aProspects for rental housing production under rent control :$ba case study of Washington, D.C. /$cJ. Thomas Black : sponsored by the Federal City Council.
260   $aWashington :$bUrban Land Institute,$cc1976.
300   $a32 p. ;$c28 cm.
490 1 $aULI research report ;$v#24
504   $aIncludes bibliographical references.
650  0$aRent control$zWashington (D.C.)
650  0$aRental housing$zWashington (D.C.)
710 2 $aFederal City Council (Washington, D.C.)
776 08$iOnline version:$aBlack, J. Thomas (James Thomas), 1942-$tProspects for rental housing production under rent control.$dWashington : Urban Land Institute, ©1976$w(OCoLC)643818219
810 2 $aUrban Land Institute.$tULI research report ;$v24.
988   $a20020608
906   $0DLC

