LEADER 00769nam a2200205K  4500
001 000000590-8
005 20020606090541.3
008 930713s1931    nyu           000 0 eng d
035 0 $aocm80768206
040   $aFLL$cFLL
110 2 $aLong Island State Park Commission.
245 10$aContract documents for the construction of water containers at Jones Beach State Park near Wantagh, Long Island, New York.
260   $aBabylon, N.Y.,$bThe Commission.$c1931.
300   $a2 pamphlets.$bplans, cross-sections.$e2 sets of blueprints.
610 20$aJones Beach State Park.
650  0$aContracts$zNew York (State)$zLong Island.
690  9$aLandscape const. & maint.$5des
690  9$aWaterfronts, Rec.$zUnited States. J.B. State Pk, NY.$5des
988   $a20020608
906   $0MH

