LEADER 00925nam a2200277K  4500
001 000000591-6
005 20020606090541.3
008 930715s1954    mdu           000 0 eng d
035 0 $aocm30563832
040   $aFLL$cFLL
043   $an-us-md
050  4$aGV54.M32$bP76 1954
110 2 $aMaryland-National Capital Park and Planning Commission.
245 10$aPark guide.
260   $aSilver Spring,$bCommission.$c1954.
300   $a[23] p.$bphotos, maps, tables.
650  0$aParks$zMaryland.
651  0$aMaryland$xGuidebooks.
690  9$aParks$zUnited States. Wash. DC.$5des
690  9$aRecreation, Public$zUnited States. Wash DC.$5des
650  0$aRecreation areas$zMaryland$zMontgomery County$vGuidebooks.
650  0$aParks$zMaryland$zMontgomery County$vGuidebooks.
650  0$aRecreation centers$zMaryland$zMontgomery County$vGuidebooks.
655  7$aGuidebooks.$2fast
988   $a20020608
906   $0MH

