LEADER 01038nam a2200253I  4500
001 000000592-4
005 20020606090541.3
008 731029s1971    xx            000 0 eng c
035 0 $aocm00729053
040   $aOhio St Univ Lib$cDLC$dm.c.$dm/c$dFLL
090   $aQC976.R2$bM36
100 1 $aMattsson, Jan O.
245 10$aDewbows and fogbows in divergent light.$cby Jan O. Mattsson, Stig Nordbeck [and] Bengt Rystedt.
260   $aLund,$bDept. of Geography, Royal University of Lund, Sweden$c[1971]
300   $a15 p.$billus.$c24 cm.
490 1 $aLund studies in geography. Ser. C: General, mathematical and regional geography,$vno. 11
504   $aBibliography: p. 14-15.
650  0$aRainbow.
650  0$aMeteorological optics.
700 1 $aNordbeck, Stig,$ejoint author. Dewbows and fogbows in divergent light.
700 1 $aRystedt, Bengt,$ejoint author. Dewbows and fogbows in divergent light.
830  0$aLund studies in geography.$nSer. C,$pGeneral and mathematical geography ;$vno. 11
988   $a20020608
906   $0OCLC

