LEADER 00929nam a22002177u 4500
001 000000593-2
005 20020606090541.3
008 830203|1959    |||||||  |||| |0||||eng|d
035 0 $aocn187941106
245 00$aLandslide occurrence and analysis :$bpresented to the thirty-seventh annual meeting, January 6-10, 1958 /$cHighway Research Board.
260 0 $aWashington, D.C. :$bThe Board,$c1959.
300   $a43 p. :$bill., charts, maps, tables ;$c25 cm.
490 1 $aHighway Research Board bulletin ;$v216
490 1 $aNational Academy of Sciences, National Research Council ;$vpub. 669
650  0$aLandslides.
710 2 $aNational Academy of Sciences (U.S.)
710 2 $aNational Research Council (U.S.).$bHighway Research Board.
830  0$aBulletin (National Research Council (U.S.). Highway Research Board) ;$v216.
830  0$aPublication (National Research Council (U.S.)) ;$vno. 669.
988   $a20020608
906   $0MH

