LEADER 00676nam a2200229K  4500
001 000000594-0
005 20020606090541.3
008 930923r1974    xx            000 0 eng d
035 0 $aocm80227246
040   $aFLL$cFLL
100 1 $aSpeight, J. G.
245 12$aA parametric approach to landform regions.
260   $c1974.
300   $app. 213-230.$bdiagrs., maps, tables.
500   $a[Reprinted from: Institute of British Geographers, Special publication, 7, June 1974].
650  0$aLandforms.
690  9$aGeomorphology.$5des
690  9$aGround forms.$5des
690  9$aLandscape$xTypes.$5des
690  9$aLand classification.$5des
988   $a20020608
906   $0MH

