LEADER 00831nam a2200229K  4500
001 000000595-9
005 20020606090541.3
008 930304r1916    xx            000 0 eng d
035 0 $aocm78443788
040   $aFLL$cFLL
100 1 $aAtwood, Wallace Walter,$d1872-1949.
245 14$aThe physiographic conditions at Butte, Montana and Bingham Canyon, Utah, when the copper ores in these districts were enriched.
260   $bEconomic Geology Pub. Co.$c[1916]
300   $app. 698-740.$bphotos, maps.
500   $aReprinted from Economic geology, vol. 11, no. 8, Dec. 1916.
650  0$aPhysical geography$zMontana$zButte.
650  0$aPhysical geography$zUtah$zBingham Canyon.
650  0$aCopper ores$zMontana$zButte.
650  0$aCopper ores$zUtah$zBingham Canyon.
690  9$aGeology.$5des
988   $a20020608
906   $0MH

