LEADER 00648nam a22002057u 4500
001 000000596-7
005 20020606090541.3
008 830324|1917    |||||||  |||| |0||||eng|d
035 0 $aocm67897040
035 0 $aocm78223551
100 1 $aDana, Samuel Trask,$d1883-
245 10$aFarms, forests, and erosion /$cby Samuel T. Dana.
260 0 $a[Washington, D.C. :$bG.P.O.,$c1917]
300   $a28 p., 5 leaves of plates :$bill. ;$c24 cm.
500   $aReprinted from: U.S. Dept. of Agriculture yearbook (1916)
650  0$aErosion.
650  0$aSoil-binding plants.
710 1 $aUnited States.$bDepartment of Agriculture.
988   $a20020608
906   $0MH

