LEADER 01441cam a2200397I  4500
001 000000597-5
005 20070508105726.0
008 720329s1917    dcuabf   b   f001 0 eng d
010   $ags 17000364 
035 0 $aocm00272423
040   $aWSU$cWSU$dSFR$dONB$dOCLCQ
043   $an-us-ma$an-us-ri
050  4$aQE75$b.B9 no. 597
082 04$a557.3
086 0 $aI 19.3:597
090   $aQE75$b.B9 no. 597
100 1 $aEmerson, Benjamin Kendall,$d1843-
245 10$aGeology of Massachusetts and Rhode Island.
260   $aWashington,$bGovt. Print. Off.,$c1917.
300   $a289 p.$billus., maps, plates.$c23 cm.
440  0$aGeological Survey bulletin ;$v597
500   $aMap on one folded leaf in pocket (plate 1).
504   $aIncludes bibliographical references.
650  0$aGeology$zMassachusetts.
650  0$aGeology$zRhode Island.
650  0$aRocks, Sedimentary$zMassachusetts.
650  0$aRocks, Sedimentary$zRhode Island.
650  0$aRocks, Igneous$zMassachusetts.
650  0$aRocks, Igneous$zRhode Island.
650  0$aSedimentary rocks$zMassachusetts.
650  0$aSedimentary rocks$zRhode Island.
650  0$aIgneous rocks$zMassachusetts.
650  0$aIgneous rocks$zRhode Island.
776 08$iOnline version:$aEmerson, Benjamin Kendall, 1843-1932.$tGeology of Massachusetts and Rhode Island.$dWashington, Govt. Print. Off., 1917$w(OCoLC)903272108
988   $a20020608
906   $0OCLC

