LEADER 00688nam a22001937u 4500
001 000000598-3
005 20020606090541.3
008 830203|1896    |||||||  |||| |0||||eng|d
035 0 $aocn181160608
100 1 $aShaler, Nathaniel Southgate,$d1841-1906.
245 10$aConditions and effects of the expulsion of gases from the earth /$cby N.S. Shaler.
260 0 $aBoston, [Mass.] :$bBoston Society of Natural History,$c1896.
300   $a89-106 p.
500   $aReprinted from: Proceedings of the Boston Society of Natural History, vol. 27.
500   $aJuly 1896.
650  0$aNatural gas$xPhysiological effect.
710 2 $aBoston Society of Natural History.
988   $a20020608
906   $0MH

