LEADER 00686nam a22001817u 4500
001 000000599-1
005 20020606090541.3
008 830203|1875    |||||||  |||| |0||||eng|d
035 0 $aocm83161486
100 1 $aShaler, Nathaniel Southgate,$d1841-1906.
245 10$aQuestion guide to the environs of Boston :$bdesigned for the use of beginners in geology in the classes of Harvard University; part I, Somerville and Cambridge /$cby N.S. Shaler.
260 0 $aCambridge, Mass. :$bCharles W. Sever,$c1875.
300   $a27 p. ;$c20 cm.
650  0$aGeology$zMassachusetts$zSomerville.
650  0$aGeology$zMassachusetts$zCambridge.
700 1 $aSever, Charles W.
988   $a20020608
906   $0MH

