LEADER 00734nam a22001937u 4500
001 000000600-9
005 20020606090541.3
008 830203|1897    |||||||  |||| |0||||eng|d
035 0 $aocm83839291
100 1 $aWoodworth, Jay Backus,$d1865-1925.
245 10$aUnconformities of Martha's Vineyard and of Block Island /$cby J.B. Woodworth.
260 0 $aRochester, [N.Y.?] :$bGeological Society of America,$c1897.
300   $ap. 197-212, [1] leaf of plates :$bill., map ;$c26 cm.
500   $aReprinted from: Bulletin of the Geological Society of America, vol. 8.
650  0$aGeology$zMassachusetts$zMartha's Vineyard.
650  0$aGeology$zBlock Island (Mass.)
710 2 $aGeological Society of America.
988   $a20020608
906   $0MH

