LEADER 00530nam a22001817u 4500
001 000000601-7
005 20090712065750.0
008 830203|1968    |||||||  |||| |0||||eng|d
035 0 $aocn187941136
100 1 $aCrickmay, C. H.$q(Colin Hayter),$d1899-
245 10$aSome central aspects of the scientific study of scenery /$cby C.H. Crickmay.
260 0 $aCalgary, Alta. :$bC.H. Crickmay,$c1968.
300   $a36 p. ;$c28 cm.
650  0$aLandscape assessment.
650  0$aGeology.
650  0$aErosion.
988   $a20020608
906   $0MH

