LEADER 00684cam a2200217La 4500
001 000000602-5
005 20020606090541.3
008 850627s1942    maub     b    001 0 eng d
035 0 $aocm13626330
040   $aDRB$cDRB$dOCL$dFLL
043   $an-us-ma
052   $a3762$bM37
090   $aQE123$b.S55 1942
100 1 $aShimer, Hervey Woodburn,$d1872-1965.
245 10$aGeology of the south shore of Massachusetts Bay /$cby Hervey W. Shimer.
260   $aHingham, Mass. :$bSouth Shore Nature Club,$c1942.
300   $a28 p., [2] leaves of plates :$b2 maps ;$c23 cm.
500   $aCover title.
650  0$aGeology$zMassachusetts$zSouth Shore Region.
988   $a20020608
906   $0OCLC

