LEADER 00913cam a2200265Ia 4500
001 000000603-3
005 20020606090541.3
008 760323s1961    nhuab        s000 0 eng  
010   $a   62062748 
035 0 $aocm02063504
040   $aDLC$cCKM$dCKM$dm.c.$dYAM$dMCS
043   $an-us-nh
090   $aQE140.S7$bS8 1961
090   $aQE140.A4$bS7
100 1 $aStewart, Glenn W.
245 10$aGeology of the Alton Quadrangle, New Hampshire /$cby Glenn W. Stewart.
260   $aConcord, N.H. :$bNew Hampshire State Planning and Development Commission,$c1961.
300   $a33 p. :$bill. ;$c23 cm.
500   $aTwo maps (1 col.) on folded leaves in pocket.
504   $aBibliography: p. 29-30.
650  0$aGeology$zNew Hampshire$zStafford County.
650  0$aGeology$zNew Hampshire$zAlton Region.
710 1 $aNew Hampshire.$bState Planning and Development Commission.
988   $a20020608
906   $0DLC

