LEADER 01060cam a2200277   4500
001 000000604-1
005 20020606090541.3
008 740221s1971    nhua     b   s000 0 eng  
010   $a   73622236 //r84
035 0 $aocm00828138
040   $aDLC$cDLC$dMCS
043   $an-us-nh
050 0 $aQE140.R62$bS86
082   $a557.42/6
100 1 $aSundeen, Daniel Alvin.
245 14$aThe bedrock geology of the Haverhill fifteen minute quadrangle, New Hampshire.
260   $a[Concord]$bState of New Hampshire, Dept. of Resources and Economic Development,$c1971.
300   $avi, 125 p.$billus.$c23 cm.
490 1 $aNew Hampshire. Dept. of Resources and Economic Development. Bulletin$vno. 5
500   $aPart of illustrative matter in pocket.
500   $aBased, in part, on the author's thesis, Indiana University, 1970.
504   $aBibliography: p. 116-120.
650  0$aGeology$zNew Hampshire$zRockingham County.
830  0$aBulletin (New Hampshire. Department of Resources and Economic Development) ;$vno. 5.
988   $a20020608
906   $0DLC

