LEADER 01020cam a2200277   4500
001 000000605-X
005 20020606090541.3
008 721026s1970    nhua     b    000 0 eng  
010   $a   72611348 //r84
035 0 $aocm00515703
040   $aDLC$cDLC$dm.c.$dFLL
043   $an-us-nh
050 0 $aQE140.H5$bG74
082   $a557.42/8
100 1 $aGreene, Robert C.
245 14$aThe geology of the Peterborough quadrangle, New Hampshire,$cby Robert C. Green.
260   $aConcord,$bNew Hampshire Dept. of Resources and Economic Development,$c1970.
300   $a88 p.$billus.$c23 cm.
490 1 $aNew Hampshire. Dept. of Resources and Economic Development. Bulletin$vno. 4
500   $aPart of illustrative matter in pocket.
504   $aBibliography: p. 60-62.
650  0$aGeology$zNew Hampshire$zHillsborough County.
650  0$aGeology$zNew Hampshire$zCheshire County.
830  0$aBulletin (New Hampshire. Department of Resources and Economic Development) ;$vno. 4.
988   $a20020608
906   $0DLC

