LEADER 00889nam a2200217I  4500
001 000000606-8
005 20020606090541.3
008 740729s1966    nhu           000 0 eng d
035 0 $aocm00965777
040   $aDRB$cDRB$dm.c.$dMCS
090   $aQE140.M3$bS7
100 1 $aSriramadas, Alura.
245 14$aThe geology of the Manchester quadrangle, New Hampshire.$cEdited by Marland P. Billings.
260   $aConcord,$bNew Hampshire Dept. of Resources and Economic Development,$c1966.
300   $a78p.$billus., fold. map (in pocket)$c24cm.
490 1 $aNew Hampshire Dept. of Resources and Economic Development. Division of Economic Development. Bulletin,$vno.2
504   $aBibliogrpahy: p.75-78.
650  0$aGeology$zNew Hampshire$zManchester quadrangle.
830  0$aBulletin (New Hampshire. Department of Resources and Economic Development) ;$vno.2.
988   $a20020608
906   $0OCLC

