LEADER 01142nam a2200253   4500
001 000000607-6
005 20020606090541.3
008 720710s1966    nhuab    b    000 0 eng  
010   $a   67063440 
035 0 $aocm00427321
040   $aDLC$cDLC$dMCS
043   $an-us-nh
050 0 $aQE140.C6$bS95
100 1 $aSwift, Charles Moore.
245 10$aGeology of the southeast portion of the Averill quadrangle, New Hampshire,$cby Charles Moore Swift, Jr.
246 3 $aGeology of the Averill quadrangle, southeast portion, New Hampshire.
260   $aConcord,$bNew Hampshire Dept. of Resources and Economic Development,$c1966.
300   $aviii, 19 p.$billus., maps (1 fold. col. in pocket)$c23 cm.
500   $aCover title: Geology of the Averill quadrangle, southeast portion, New Hampshire.
504   $aBibliography: p. 12-19.
650  0$aGeology$zNew Hampshire$zCoos County.
776 08$iOnline version:$aSwift, Charles Moore.$tGeology of the southeast portion of the Averill quadrangle, New Hampshire.$dConcord, New Hampshire Dept. of Resources and Economic Development, 1966$w(OCoLC)652321480
988   $a20020608
906   $0DLC

