LEADER 00930cam a2200253   4500
001 000000608-4
005 20020606090541.3
008 710709s1969    nhuab    b    000 0 eng  
010   $a   70633291 //r84
035 0 $aocm00149611
040   $aDLC$cDLC$dMCS
043   $an-us-nh
050 0 $aQE140.C37$bW54
082   $a557.42/42
100 1 $aWilson, James Robert,$d1937-
245 14$aThe geology of the Ossipee Lake quadrangle, New Hampshire.
260   $aConcord,$bNew Hampshire Dept. of Resources and Economic Development,$c1969.
300   $a116 p.$billus., maps (4 fold., part col., in pocket)$c23 cm.
490 1 $aNew Hampshire. Dept. of Resources and Economic Development. Bulletin$vno. 3
504   $aBibliography: p. 105-111.
650  0$aGeology$zNew Hampshire$zCarroll County.
830  0$aBulletin (New Hampshire. Department of Resources and Economic Development) ;$vno. 3.
988   $a20020608
906   $0DLC

