LEADER 00744nam a22001937u 4500
001 000000609-2
005 20020606090541.3
008 830203|1953    |||||||  |||| |0||||eng|d
035 0 $aocm03355797
100 1 $aNeuerburg, George J.
245 10$aGeology of the Griffith Park area, Los Angeles County, California /$cby George J. Neuerburg.
260  0$aSan Francisco, [Calif.] :$bCalif., Dept. of Natural Resources, Division of Mines,$c1953.
300   $a29 p. :$bill., maps (1 folded, col.), tables ;$c1953.
490 0 $aDivision of Mines special report ;$v33
500   $aOne folded col. map in pocket.
650  0$aGeology$zCalifornia$zLos Angeles County.
710 1 $aCalifornia.$bDivision of Mines and Geology.
988   $a20020608
906   $0MH

