LEADER 00483naa a2200157K  4500
001 000000610-6
005 20020606090541.3
008 930621s1953    xxu           000 0 eng d
035 0 $aocm83326195
040   $aFLL$cFLL
100 1 $aHackett, Brian.
245 12$aA technique for landscaping in rural areas.
650  0$aLandscape architecture$xTechnique.
773 0 $aPlanning outlook, 1953:4, vol. 3:2, p. [23]-[36] + folded plates; with maps [fold., part col.]
988   $a20020608
906   $0MH

