LEADER 00742nam a22001697u 4500
001 000000611-4
005 20020606090541.3
008 830203|1932    |||||||  |||| |0||||eng|d
035 0 $aocm82687119
110 1 $aUnited States.$bCongress.$bHouse.$bCommittee on Public Buildings and Grounds.
245 10$aHearings before the Committee on Public Buildings and grounds ... to direct the Secretary of the Treasury to contract for architectural engineering, ... /$cThe Committee on Public Buildings and Grounds.
260 0 $aWashington, D.C. :$bU.S. G.P.O.,$c1932.
500   $aHearings on H.R. 6187, H.R. 6307, H.R. 9269, and H.R. 9312.
650  0$aPublic buildings$xPlanning.
650  0$aPublic buildings$zUnited States.
988   $a20020608
906   $0MH

