LEADER 00743nam a2200205K  4500
001 000000612-2
005 20020606090541.3
008 930726s1945    nyu           000 0 eng d
035 0 $aocm83845956
040   $aFLL$cFLL
110 2 $aMuseum of Modern Art (New York, N.Y.)
245 12$aA competition to select an architect for a proposed dormitory group for Smith College.
260   $a[N.Y.],$bThe authors.$c[1945]
300   $a1 p. (folded) + 2 p.$bphotos., map.
650  0$aArchitecture$xCompetitions$zMassachusetts$zNorthampton.
690  9$aHousing for students$zUnited States Northampton, Mass.$5des
690  9$aArchitecture$xCompetitions, 1945.$5des
710 2 $aPencil Points-Progressive Architecture.
988   $a20020608
906   $0MH

