LEADER 00542nam a22001697u 4500
001 000000613-0
005 20020606090541.3
008 830203|1920    |||||||  |||| |0||||eng|d
035 0 $aocm80991089
100 1 $aBannwart, Carl.
245 10$aArbor day '20 /$cCarl Bannwart.
260 0 $aNewark, [N.J.] :$bDept. of Parks and Public Property, Shade Tree Division,$c1920.
300   $a[15] p. :$bill. ;$c26 cm.
650  0$aTrees.
710 1 $aNewark (N.J.).$bDepartment of Parks and Public Property.$bShade Tree Division.
988   $a20020608
906   $0MH

