LEADER 00691nam a2200241I  4500
001 000000614-9
005 20020606090541.3
008 821117s1930    mauab         000 0 eng  
010   $a   30024016 
035 0 $aocm08966491
040   $aDLC$cAZU$dAZU$dFLL
050 0 $aGB451$b.H6
082   $a551.36
100 1 $aHowe, Oliver Hunt,$d1860-
245 14$aThe conflict of sea and shore,$cby Oliver H. Howe, M. D.
260   $a[Cohasset? Mass.]$bSouth Shore Nature Club,$c1930.
300   $a1 p. ℓ., 13 p.$billus. (maps)$c23 cm.
500   $aCover title.
504   $aBibliography: p. 13.
650  0$aCoast changes.
650  0$aCoasts$zNew England.
988   $a20020608
906   $0DLC

