LEADER 01190cam a2200301Ia 4500
001 000000615-7
005 20020606090541.3
008 860410s1942    dcua         f000 0 eng d
010   $aagr42000446 
035 0 $aocm13415682
040   $aCSA$cCSA$dAGL$dFLL
072   $aJ800
090   $aS623$b.M32
100 1 $aMcLaughlin, Willard T.$q(Willard Thomas),$d1904-
245 10$aControlling coastal sand dunes in the Pacific Northwest /$cWillard T. McLaughlin and Robert L. Brown.
260   $aWashington, D.C. :$bU.S. Dept. of Agriculture,$c1942.
300   $a46 p. :$bill.;$c23 cm.
490 1 $aCircular / United States Department of Agriculture ;$vno. 660
500   $aCover title.
500   $aReprinted, slightly abridged, in Shore and beach, Apr. 1943, vol. 11.1, p. 7-24; with photos., sketches, tables.
500   $aContribution from Soil Conservation Service.
650  0$aSand dunes$zNorthwestern States.
650  0$aSand dune planting$zNorthwestern States.
650  0$aSoil conservation$zNorthwestern States.
700 1 $aBrown, Robert L.,$d1912-
830  0$aCircular (United States. Department of Agriculture) ;$vno. 660.
988   $a20020608
906   $0OCLC

