LEADER 00625nam a2200205K  4500
001 000000616-5
005 20020606090541.3
008 930715r1972    xx            000 0 eng d
035 0 $aocm78198933
040   $aFLL$cFLL
100 1 $aMann, Roy.
245 10$aRecent U.S. shoreline studies and their relevance to Mediterranean coastal planning.
260   $c1972.
300   $app. 80-81.
500   $a[Reprinted from: Options méditerranéennes, 13, June 1972].
650  0$aShore protection$zUnited States.
690  9$aShores$zUnited States.$5des
690  9$aShores$zMediterranean area.$5des
988   $a20020608
906   $0MH

