LEADER 00519nam a22001697u 4500
001 000000617-3
005 20020606090541.3
008 830217|1953    |||||||  |||| |0||||eng|d
035 0 $aocn187941187
100 1 $aCompton, Lawrence V.
245 10$aFarm and ranch ponds /$cby Lawrence V. Compton.
260 0 $a[Washington, D.C. :$bG.P.O.,$c1953]
300   $ap. 151-155 :$bill. ;$c26 cm.
500   $aRerpinted from: Journal of wildlife management (July 1952).
650  0$aFarm ponds$xManagement.
988   $a20020608
906   $0MH

