LEADER 00695nam a2200217Ka 4500
001 000000618-1
005 20090712065750.0
008 910805s1973    nyu           000 0 eng d
035 0 $aocm24178546
040   $aAFM$cAFM$dFLL
090   $aQA77$b.I55 no.9
100 1 $aWerner, C.
245 10$aSome new methods of topologic classification of channel networks /$cby C. Werner, J.S. Smart.
260   $bThomas J. Watson IBM Research Center,$c1973.
300   $a46 p.
490 0 $aInternational Business Machines Corp. Technical report ;$v9
504   $aBibliography, pp. 38-40.
650  0$aTopology$xClassification.
700 1 $aSmart, John Semple,$d1868-1925.
988   $a20020608
906   $0OCLC

