LEADER 00729nam a22001817u 4500
001 000000619-X
005 20090712065751.0
008 830217|1972    |||||||  |||| |0||||eng|d
035 0 $aocm79742432
245 04$aThe Value of the coastal wetlands of Massachusetts.
260 0 $a[Boston], Mass. :$bMassachusetts Department of Natural Resources, Division of Conservation Services,$c[1972]
300   $a[14] p. ;$c22 cm.
500   $aCompiled for hearings under the provisions of Chapter 130, Section 105 of the Massachusetts General Laws.
500   $aIncludes brochure: Massachusetts' coastal wetlands.
650  0$aWetlands$zMassachusetts.
710 1 $aMassachusetts.$bDivision of Conservation Services.
988   $a20020608
906   $0MH

