LEADER 00980cam a2200253Ii 4500
001 000000620-3
005 20020606090541.3
008 860304s1973    mauab    b    000 0 eng d
035 0 $aocm13230104
040   $aCPO$cCPO$dLUU$dFLL
043   $an-us-ma
050  4$aQH76.5.M4$bM33
090   $aQH76.5.M4$bM33
100 1 $aMcPeck, Eleanor M.
245 10$aMarion wetlands :$ba report to the Conservation Commission, Marion, Massachusetts /$cby Eleanor M. McPeck, John A. Gwynne, Jr.
260   $a[Cambridge, Mass.] :$bRegional Field Service, Department of Landscape Architecture, Harvard University,$c1973.
300   $a[27] p. :$bill., maps ;$c28 cm.
500   $a"Supported by grants from the Rockefeller Foundation and the National Endowment for the Arts, Washington, D.C."
504   $aBibliography: p. [22].
650  0$aWetlands$zMassachusetts.
650  0$aEstuarine area conservation$zMassachusetts.
700 1 $aGwynne, John A.
988   $a20020608
906   $0OCLC

