LEADER 00627nam a22001577u 4500
001 000000621-1
005 20080305101715.0
008 830217s19uu    |||||||  |||| |0||||eng|d
035 0 $aocm12040211
100 1 $aShaler, Nathaniel Southgate,$d1841-1906.
245 10$aGeneral account of the fresh-water morasses of the United States :$bwith a description of the dismal swamp district of Virginia and North Carolina /$cby Nathaniel Southgate Shaler.
260 0 $a[S.l. :$bN.S. Shaler?,$c19--?]
300   $ap. 255-336, [14] leaves of plates :$bill., maps (1 col.) ;$c29 cm.
650  0$aSwamps$zUnited States.
988   $a20020608
906   $0MH

