LEADER 01269nam a2200325   4500
001 000000622-X
005 20020606090541.3
008 740308s1972    nhua     b   s000 0 eng  
010   $a   73622585 
035 0 $aocm00841552
040   $aDLC$cDLC$dm.c.$dFLL
043   $an-us-nh
050 0 $aTD224.N3$bH34
082   $a333.9/102
100 1 $aHall, Francis Ramey,$d1925-
245 14$aThe influence of a New England wetland on water quantity and quality,$cby Francis R. Hall, Robert J. Rutherford and Gordon L. Byers.
260   $aDurham,$bWater Resource[s] Research Center, University of New Hampshire,$c1972.
300   $av, 51 p.$billus.$c29 cm.
490 1 $aUniversity of New Hampshire. Water Resource[s] Research Center. Research report$vno. 4
500   $a"Completion report, Project no. A-015-NH."
504   $aBibliography: p. 43-45.
650  0$aWater quality$zNew Hampshire.
650  0$aWetlands$zNew Hampshire.
700 1 $aRutherford, Robert J.,$ejoint author.
700 1 $aByers, Gordon L.,$ejoint author.
700 1 $aRutherford, Robert J.,$eauthor.
700 1 $aByers, Gordon L.,$eauthor.
810 1 $aUniversity of New Hampshire.$bWater Resources Research Center.$tResearch report ;$vno. 4.
988   $a20020608
906   $0DLC

