LEADER 00504nam a22001577u 4500
001 000000623-8
005 20020606090541.3
008 830217|1972    |||||||  |||| |0||||eng|d
035 0 $aocm84173656
245 00$aMassachusetts' inland wetlands.
260 0 $a[Boston], Mass. :$bMassachusetts Department of Natural Resources,$c[1972]
300   $a1 folded sheet (6 p.) :$bill. ;$c22 cm.
650  0$aWetlands$zMassachusetts.
710 1 $aMassachusetts.$bDepartment of Natural Resources.
988   $a20020608
906   $0MH

