LEADER 00754nam a2200205I  4500
001 000000624-6
005 20110328114239.0
008 930401s1904    dcu           000 0 eng d
035 0 $aocm27837446
040   $aNDD$cNDD$dFLL
050  4$aQK1$b.U45 no. 57
100 1 $aHitchcock, A. S.$q(Albert Spear),$d1865-1935.
245 10$aMethods used for controlling and reclaiming sand dunes /$cby A. S. Hitchcock ...
260   $aWashington :$bGovernment Printing Office,$c1904.
300   $a36 p., 9 leaves of plates :$bill., front. ;$c23 cm.
490 1 $aU.S. Dept. of Agriculture. Bureau of Plant Industry. Bulletin$vno. 57.
650  0$aSand dunes.
830  0$aBulletin (United States. Bureau of Plant Industry) ;$vno. 57.
988   $a20020608
906   $0OCLC

