LEADER 00879nam a22002177u 4500
001 000000625-4
005 20020606090541.3
008 830217|1963    |||||||  |||| |0||||eng|d
035 0 $aocm01421434
100 1 $aRoss, Herbert H.$q(Herbert Holdsworth),$d1908-1978.
245 14$aThe Dunesland heritage of Illinois /$cHerbert H. Ross.
260 0 $aUrbana, Ill. :$bIllinois Department of Registration and Education, Natural History Survey Division,$c1963.
300   $a28 p. :$bill., maps ;$c23 cm.
490 0 $aIllinois natural history survey circular ;$vv49
500   $a"Illinois Natural History Survey in cooperation with the Illinois State Department of Conservation."
610 20$aDunesland (Ill.)
650  0$aSand dunes$zIllinois.
710 1 $aIllinois.$bNatural History Survey Division.
710 1 $aIllinois.$bDepartment of Conservation.
988   $a20020608
906   $0MH

