LEADER 00560nam a22001577u 4500
001 000000626-2
005 20020606090541.3
008 830217|1972    |||||||  |||| |0||||eng|d
035 0 $aocm83839296
245 00$aThis fragile shore, Crane Beach, Ipswich, Massachusetts :$ba program of sand dune protection.
260 0 $a[Milton], Mass. :$bTrustees of Reservations,$c[1972]
300   $a1 folded sheet (8 p.) :$bill. ;$c18 cm.
650  0$aSand dune ecology$zMassachusetts$zIpswich$zCrane Beach.
710 2 $aTrustees of Reservations (Mass.)
988   $a20020608
906   $0MH

