LEADER 00486nam a22001697u 4500
001 000000627-0
005 20020606090541.3
008 830217|1934    |||||||  |||| |0||||eng|d
035 0 $aocn187941221
100 1 $aYü, lSen.
245 00$aYün-Lin's treatise on rocks (Sung Dynasty, 960-1176) :$ba selected portion translated into English /$cby Yü Sen.
260 0 $a[S.l. :$bYü Sen?],$c1934.
300   $a9 p. ;$c28 cm.
650  0$aRocks.
700 1 $aYün-Lin.
988   $a20020608
906   $0MH

