LEADER 00529nam a2200193K  4500
001 000000628-9
005 20020606090541.3
008 930417r19581958cau           000 0 eng d
035 0 $aocm83412428
040   $aFLL$cFLL
100 1 $aCole, Lamont C.
245 14$aThe ecosphere.
260   $aSan Francisco, Calif.,$bW.H. Freeman and Co.,$c1958.
300   $app. 2-7.$billus., charts, diagrs.
500   $a[Reprint from Scientific American, April 1958]
650  0$aEcology.
690  9$aEcology.$5des
988   $a20020608
906   $0MH

