LEADER 01210nam a2200253K  4500
001 000000629-7
005 20071010165108.0
008 930518s1969    dcu           100 0 eng d
035 0 $aocn187941234
040   $aFLL$cFLL
100 1 $aFarvar, M. Taghi,$eeditor.
245 14$aThe unforeseen international ecologic boomerang,$cedited by M. Taghi Farvar and John Milton.
260   $aWashington, D.C.,$bConservation Foundation,$c[1969].
300   $a72 p.$billus., chart, maps, tables.
500   $aCenter for the Biology of Natural Systems of Washington University, St. Louis, Missouri, joint publisher.
500   $aThis Natural History Special Supplement is based on the conference The Ecological Aspects of International Development Programs which was held in Warrenton, Virginia, December 9-11, 1968.
650  0$aEcology.
690  9$aEcology$xCongresses, 1968.$5des
700 1 $aMilton, John,$d1905-$ejoint editor.
710 20$aWashington University (Saint Louis, Mo.).$bCenter for the Biology of Natural Systems.
710 2 $aConservation Foundation.
711 2 $aEcological Aspects of International Development Programs,$cWarrenton, Va.,$dDecember 9-11, 1968.
988   $a20020608
906   $0MH

