LEADER 00494nam a22001697u 4500
001 000000630-0
005 20020606090541.3
008 830217|1928    |||||||  |||| |0||||eng|d
035 0 $aocn187941251
245 00$aModern landscape engineering :$bthe magic carpet.
260 0 $a[Mineda, N.Y. :$bLewis & Valentine Co.,$c1928?]
300   $a31 p. :$bill. ;$c24 x 31 cm.
650  0$aLandscape architecture.
650  0$aTree planting.
710 2 $aLewis & Valentine Company.
988   $a20020608
906   $0MH

