LEADER 00508nam a22001697u 4500
001 000000631-9
005 20020606090541.3
008 830217|1970    |||||||  |||| |0||||eng|d
035 0 $aocm82736319
245 00$aTree barriers reduce traffic noise /$cUnited States Department of Agriculture.
260 0 $aWashington, [D.C.] :$bThe Dept.,$c1970.
300   $a2 p. ;$c30 cm.
650  0$aNoise barriers.
650  0$aTree planting.
710 1 $aUnited States.$bDepartment of Agriculture.
988   $a20020608
906   $0MH

