LEADER 00715nam a22001937u 4500
001 000000632-7
005 20090712065752.0
008 830217|1954    |||||||  |||| |0||||eng|d
035 0 $aocm17376035
100 1 $aKemmerer, H. R.
245 10$aFoundation plantings /$cby H.R. Kemmerer.
260 0 $a[Urbana,] Ill. :$bUniversity of Illinois, College of Agriculture, Extension Service in Agriculture and Economics,$c[1954]
300   $a15 p. :$bill. ;$c23 cm.
490 0 $aExtension Service circular ;$v720
650  0$aLandscape gardening.
650  0$aPlants, Ornamental.
710 2 $aUniversity of Illinois (Urbana-Champaign campus).$bExtension Service in Agriculture and Home Economics.
988   $a20020608
906   $0MH

