LEADER 00702nam a22001937u 4500
001 000000633-5
005 20020606090541.3
008 830217|1950    |||||||  |||| |0||||eng|d
035 0 $aocm15476364
100 1 $aHildreth, A. C.$q(Aubrey Clare),$d1893-
245 10$aOrnamental hedges for the central Great Plains /$cby A.C. Hildreth.
260 0 $a[Washington, D.C.] :$bU.S. Dept. of Agriculture,$c[1950]
300   $a25 p. :$bill. ;$c24 cm.
490 1 $aFarmers' bulletin ;$vno. 2019
650  0$aOrnamental shrubs$zUnited States.
710 1 $aUnited States.$bDepartment of Agriculture.
830  0$aFarmers' bulletin (United States. Department of Agriculture) ;$vno. 2019.
988   $a20020608
906   $0MH

