LEADER 00595nam a2200205K  4500
001 000000634-3
005 20050527112423.0
008 930722s1928    dcu          f000 0 eng d
035 0 $aocn187941275
040   $aFLL$cFLL
100 1 $aMulford, Furman Lloyd,$d1869-
245 10$aFoundation plantings.
260   $a[Washington],$bU.S. Dept. of Agriculture.$c[1928]
300   $a2 p.
490 0 $aU.S. Dept. of Agriculture. Bureau of Plant Industry
500   $a[Nov. 1928]
650  0$aOrnamental horticulture.
690  9$aPlantations$xRelation to buildings.$5des
988   $a20020608
906   $0MH

