LEADER 00721nam a22001817u 4500
001 000000635-1
005 20020606090541.3
008 830217|1968    |||||||  |||| |0||||eng|d
035 0 $aocm63879842
245 00$aNatural features of the Washington metropolitan area :$ban ecological reconnaissance /$cprepared by the Metropolitan Washington Council of Governments.
260 0 $aWashington, [D.C.] :$bThe Council,$c1968.
300   $a49 p. :$bill., col. maps, tables ;$c28 x 35 cm.
500   $aIncludes one page abstract of piece.
650  0$aEcology$zWashington Metropolitan Area.
650  0$aGeology$zWashington Metropolitan Area.
710 2 $aMetropolitan Washington Council of Governments.
988   $a20020608
906   $0MH

