LEADER 00675nam a22001817u 4500
001 000000636-X
005 20020606090541.3
008 830217|1971    |||||||  |||| |0||||eng|d
035 0 $aocn187941291
245 00$aShoreline management guidelines /$cprepared by the Center for the Environment and Man, Inc.
260 0 $aWashington, D.C. :$bU.S. Dept. of the Army, Corps of Engineers,$c1971.
300   $a56 p. :$bill., charts (some col.), col. map ;$c27 cm.
490 0 $aNational shoreline study
650  0$aShorelines$zUnited States$xManagement.
710 1 $aUnited States.$bArmy.$bCorps of Engineers.
710 2 $aCenter for the Environment & Man.
988   $a20020608
906   $0MH

