LEADER 00735nam a22001937u 4500
001 000000637-8
005 20020606090541.3
008 830217|1936    |||||||  |||| |0||||eng|d
035 0 $aocm78443797
100 1 $aAgersborg, Helmer Pareli von Wold Kjerschow,$d1881-1960.
245 10$aOn the nature of ponds, or How should a well-rounded recreational pond be built /$cby H.P.K. Agersborg.
246 3 $aHow should a well-rounded recreational pond be built.
260 0 $aWashington, D.C. :$bU.S. Dept. of Interior, National Park Service,$c1936.
300   $a8 p. ;$c30 cm.
490 0 $aE.C.W. technical circular ;$vno. 2
650  0$aPonds$xRecreational use.
710 1 $aUnited States.$bNational Park Service.
988   $a20020608
906   $0MH

