LEADER 00550nam a2200193K  4500
001 000000638-6
005 20020606090541.3
008 930716s1934    mau          s000 0 eng d
035 0 $aocm82513562
040   $aFLL$cFLL
110 1 $aMassachusetts.$bDivision of Fisheries and Game.
245 10$aInstructions for stream improvement in Massachusetts.
260   $aBoston,$bThe Division.$c1934.
300   $a8 p.$bsketches.
650  0$aStream conservation$zMassachusetts.
690  9$aStreams.$5des
690  9$aDams.$5des
988   $a20020608
906   $0MH

