LEADER 00744nam a2200217Ii 4500
001 000000639-4
005 20060523212410.0
008 791113s1961    ctuab         000 0 eng d
035 0 $aocm05688600
040   $aNDD$cNDD$dFLL
245 00$aConnecticut's coastal marshes :$ba vanishing resource.
260   $aNew London, Conn. :$bThe Connecticut Arboretum, Connecticut College,$c1961.
300   $a36 p. :$bill., maps ;$c22 cm.
490 1 $aConnecticut College, New London. Connecticut Arboretum. Bulletin ;$vno. 12
500   $aCover title.
650  0$aMarshes$zConnecticut.
650  0$aSalt marshes$zConnecticut.
710 2 $aConnecticut Arboretum.
830  0$aBulletin (Connecticut Arboretum) ;$vno.12.
988   $a20020608
906   $0OCLC

