LEADER 01465cam a2200313   4500
001 000000640-8
005 20050923160606.0
008 740517s1973    maub     b    00000 eng  
010   $a   74165295 //r852
035 0 $aocm00923163
040   $aDLC$cDLC$dm.c.
043   $an-us-ma
050 0 $aTD224.M4$bM37 no. 31$aQH105.M4
082   $a333.9/1/009744 s$a333.9/1/009744
110 2 $aUniversity of Massachusetts at Amherst.$bWetlands Research Team.
245 12$aA guide to important characteristics and values of freshwater wetlands in the Northeast /$cEditor: Joseph S. Larson.
260 0 $a[Amherst :$bWater Resources Research Center, University of Massachusetts at Amherst,]$c1973.
300   $aii, 35 p. :$b2 maps (fold. in pocket) ;$c28 cm.
490 1 $aWater Resources Research Center, University of Massachusetts at Amherst. Completion report ;$v74-1A
490 1 $aWater Resources Research Center, University of Massachusetts at Amherst. Publication ;$vno. 31
504   $aIncludes bibliographical references.
650  0$aWetlands$zMassachusetts.
650  0$aWetland ecology$zMassachusetts.
700 1 $aLarson, Joseph S.,$eed.
700 1 $aLarson, Joseph S.,$eeditor.
830  0$aCompletion report (University of Massachusetts at Amherst. Water Resources Research Center) ;$vFY 74-1A.
830  0$aPublication (University of Massachusetts at Amherst. Water Resources Research Center) ;$vno. 31.
988   $a20020608
906   $0DLC

