LEADER 00644nam a22001817u 4500
001 000000641-6
005 20090821082331.0
008 830217|1936    |||||||  |||| |0||||eng|d
035 0 $aocm81114473
100 1 $aGates, Frank C.$q(Frank Caleb),$d1887-1955.
245 12$aA preserve unhampered by man /$cFrank C. Gates.
260 0 $a[Manhattan, Kan.? :$bF.C. Gates?,$c1936]
300   $ap. 89-93 :$bill. ;$c23 cm.
500   $aReprinted from: Transactions, Kansas Academy of Science, vol. 39 (1936).
650  0$aEcology$zKansas$zSand Lake Preservation.
650  0$aLandscape protection$zKansas$zSand Lake Preservation.
988   $a20020608
906   $0MH

