LEADER 00541nam a22001697u 4500
001 000000642-4
005 20020606090541.3
008 830217|1915    |||||||  |||| |0||||eng|d
035 0 $aocm77943827
100 1 $aTobar, Grace.
245 10$aRoses and their garden culture :$bselection, planting and care to get the best results from your rose garden ... /$cby Grace Tabor.
260 0 $aNew York, [N.Y.] :$bMcBride, Nast & Co.,$c1915.
300   $a16 p. :$bill. ;$c21 cm.
650  0$aGardens.
650  0$aRose culture.
988   $a20020608
906   $0MH

