LEADER 00728nam a2200229Ia 4500
001 000000643-2
005 20020606090541.3
008 880518s1969    dcua    a     000 0 eng d
035 0 $aocm17968302
040   $aLWA$cLWA$dFLL
050  4$aSB114.A1$bA41 1969
090   $aSB114.A1$bA41 1969
245 00$aUSA standard for nursery stock /$csponsor: American Association of Nurserymen, Inc.
260   $aWashington, D.C. :$bAmerican Association of Nurserymen, Inc.,$c1969.
300   $a27 p. :$bill. ;$c27 cm.
500   $aUSAS Z60.1-1969.
500   $aCover title.
650  0$aHorticulture$xStandards.
650  0$aNursery stock$xStandards.
710 2 $aAmerican Association of Nurserymen.
988   $a20020608
906   $0OCLC

