LEADER 00930nam a2200241I  4500
001 000000644-0
005 20020606090541.3
008 770727s1973    xx      a     000 0 eng d
035 0 $aocm03143185
035 0 $aocm03143185$zocm13059396
040   $aUDD$cUDD$dMNP$dFLL
043   $an-us---
050  4$aSB29.A4$bA43 1973
090   $aSB29.A4$bA43 1973
245 00$aAmerican standard for nursery stock /$csponsor: American Association of Nurserymen, Inc.
260   $aWashington, D. C. :$bAmerican Association of Nurserymen, Inc.,$cc1973.
300   $a26 p. :$bill. ;$c27 cm.
500   $aANSI Z60.1-1973; Revision of Z60.1-1949(R1969).
650  0$aNursery stock$xStandards$zUnited States.
710 2 $aAmerican Association of Nurserymen.
776 08$iOnline version:$tAmerican standard for nursery stock.$dWashington, D.C. : American Association of Nurserymen, ©1973$w(OCoLC)899755355
988   $a20020608
906   $0OCLC

