LEADER 00513nam a22001697u 4500
001 000000645-9
005 20020606090541.3
008 830217|1913    |||||||  |||| |0||||eng|d
035 0 $aocn187941323
100 1 $aWild, Henry.
245 14$aThe making of a country estate :$bpractical suggestions and professional advice ... /$cby Henry Wild.
260 0 $aGreenwich, Conn. :$bH. Wild,$c[1913]
300   $a31 p. :$bill. ;$c29 cm.
650  0$aLandscape gardening.
650  0$aCountry homes.
988   $a20020608
906   $0MH

