LEADER 00773nam a22002057u 4500
001 000000647-5
005 20020606090541.3
008 830217|1914    |||||||  |||| |0||||eng|d
035 0 $aocm79275198
100 1 $aElwood, Philip Homer,$d1884-
245 10$aDirections for planting trees, shrubs and flowers about the home /$cP.H. Elwood.
260 0 $aAmherst, Mass. :$bMassachusetts Agricultural College, Extension Service,$c1914.
300   $a1 folded sheet (4 p.) :$bill. ;$c23 cm.
490 1 $aExtension leaflet ;$vno. 15
650  0$aTree planting.
650  0$aGardening.
710 2 $aMassachusetts Agricultural College.$bExtension Service.
830  0$aExtension leaflet (Massachusetts Agricultural College. Extension Service) ;$vno. 15.
988   $a20020608
906   $0MH

