LEADER 00609nam a22001937u 4500
001 000000648-3
005 20020606090541.3
008 830217|1895    |||||||  |||| |0||||eng|d
035 0 $aocm79955763
100 2 $aLamson-Scribner, F.
245 10$aGrasses as sand and soil binders /$by F. Lamson-Scribner.
260 0 $aWashington, [D.C.] :$bG.P.O.,$c1895.
300   $ap 421-436 :$bill. ;$c23 cm.
500   $aReprinted from: Yearbook of the U.S. Dept. of Agriculture for 1894.
650  0$aSoil erosion.
650  0$aGrasses.
710 1 $aUnited States.$bDepartment of Agriculture.
988   $a20020608
906   $0MH

