LEADER 00589nam a2200205K  4500
001 000000649-1
005 20020606090541.3
008 931008s1942    pau           000 0 eng d
035 0 $aocm83140545
040   $aFLL$cFLL
110 2 $aSwarthmore College.
245 14$aThe Arthur Hoyt Scott Garden and Horticulture Award.
260   $aSwarthmore,$bThe College.$c[1942?]
300   $a[8] p.$bphotos.
610 11$aS.C.$tA.H.S.G.H. Award.
610 20$aArthur Hoyt Scott Garden and Horticulture Award.
650  0$aHorticulture$xAwards.
690  9$aMedals.$5des
988   $a20020608
906   $0MH

