LEADER 00604nam a22001817u 4500
001 000000650-5
005 20020606090541.3
008 830217|1931    |||||||  |||| |0||||eng|d
035 0 $aocm78243610
245 00$aSpruce up your garden /$cU.S. Department of Commerce.
260 0 $aWashington, [D.C.] :$bG.P.O.,$c1931.
500   $aPrepared for the President's Emergency Committee for Employment.
650  0$aGardens.
650  0$aCivic improvement.
710 1 $aUnited States.$bDepartment of Commerce.
710 1 $aUnited States.$bPresident's Emergency Committee for Employment.
988   $a20020608
906   $0MH

