LEADER 00752nam a2200229Ii 4500
001 000000651-3
005 20100108173614.0
008 790921s1946    nyua          00010 eng d
035 0 $aocm05396184
040   $aVXG$cVXG
050  4$aRM735.7.G37$bF54
100 1 $aFindlay, Hugh,$d1879-
245 10$aGardening for health and happiness /$cby Hugh Findlay.
260 0 $a[Hamilton, N. Y. :$bs.n.,$c1946].
300   $a[57] p. :$bill. ;$c24 cm.
500   $aCover title.
650  0$aHorticulture.
650  0$aGardening$xTherapeutic use.
650  0$aBlind$xRehabilitation.
776 08$iOnline version:$aFindlay, Hugh, 1879-1950.$tGardening for health and happiness.$d[Hamilton, N.Y. : s.n., 1946]$w(OCoLC)620666589
988   $a20020608
906   $0OCLC

