LEADER 00685nam a22001697u 4500
001 000000652-1
005 20020606090541.3
008 830217|1945    |||||||  |||| |0||||eng|d
035 0 $aocm21126049
245 00$aHandbook of descriptions of specialized fields in horticulture /$cprepared by the National Roster of Scientific and Specialized Personnel.
260 0 $aWashington, D.C. :$bWar Manpower Commission, Bureau of Placement,$c1945.
300   $a6 p. ;$c23 cm.
650  0$aHorticulture$xJob descriptions.
710 1 $aUnited States.$bWar Manpower Commission.$bBureau of Placement.
710 2 $aNational Roster of Scientific and Specialized Personnel (U.S.)
988   $a20020608
906   $0MH

