LEADER 00608nam a22001697u 4500
001 000000653-X
005 20020606090541.3
008 830217|1950    |||||||  |||| |0||||eng|d
035 0 $aocm19877827
245 00$aTen ways to control the climate around your home /$cprepared by the American Association of Nurserymen.
246 3 $a10 ways to control the climate around your home.
260 0 $aWashington, D.C. :$bThe Association,$c[c1950]
300   $a[5] p. :$bill. ;$c28 cm.
650  0$aLandscape architecture and energy conservation.
710 2 $aAmerican Association of Nurserymen.
988   $a20020608
906   $0MH

