LEADER 00730nam a22001937u 4500
001 000000654-8
005 20040309120826.0
008 830217|1955    |||||||  |||| |0||||eng|d
035 0 $aocn187941363
245 12$aA Partial list of recent bulletins and reports :$bof interest to nurserymen and florists, box plant growers ...
260 0 $aDurham, N.H. :$bUniversity of New Hampshire, Cooperative Extension Service,$c1955.
300   $a16 p. ;$c23 cm.
490 0 $aAgricultural economics circular ;$v100
500   $aCompiled by L.A. Dougherty.
650  0$aGardening$xBibliography.
700 1 $aDougherty, L. A.$q(LeRoy Arthur)
710 2 $aUniversity of New Hampshire.$bCooperative Extension Service.
988   $a20020608
906   $0MH

