LEADER 00817nam a2200253I  4500
001 000000655-6
005 20020606090541.3
008 930408s1907    dcu          f000 0 eng c
010   $aagr07001057 
035 0 $aocm29749917
040   $aLibrary, U.S. Dept. of Agriculture$cFLL
050  4$aS591$b.A3 no.38
090   $aS591$b.A3 no.38
100 1 $aBuckingham, Edgar,$d1867-1940.
245 10$aStudies on the movement of soil moisture.$cBy Edgar Buckingham ...
260   $aWashington,$bGovt. Print. Off.,$c1907.
300   $a61 p.$bdiagrs.$c23 cm.
490 1 $aUnited States. Bureau of Soils. Bulletin$v38
650  0$aSoil moisture.
690  9$aSoils.$5des
710 1 $aUnited States.$bBureau of Soils.
830  0$aBulletin (United States. Bureau of Soils) ;$vno. 38.
988   $a20020608
906   $0OCLC

