LEADER 00495nam a22001697u 4500
001 000000656-4
005 20020606090541.3
008 830217|1920    |||||||  |||| |0||||eng|d
035 0 $aocm78949933
110 2 $aLewis & Valentine Company.
245 10$aSome landscape work /$cby Lewis & Valentine Company.
260 0 $a[New York, N.Y. :$bThe Co.,$c1920?]
300   $a[17] p. :$bill. ;$c25 x 31 cm.
610 20$aLewis & Valentine Company.
650  0$aLandscape gardening.
988   $a20020608
906   $0MH

