LEADER 00527nam a22001697u 4500
001 000000657-2
005 20020606090541.3
008 830217|1920    |||||||  |||| |0||||eng|d
035 0 $aocm78344637
110 2 $aLewis & Valentine Company.
245 10$aSome landscape work of the Philadelphia branch of Lewis & Valentine Co. at Ardmore, Pa.
260 0 $aArdmore, Pa. :$bThe Co.,$c[1920]
300   $a[28] p. :$bill. ;$c26 x 31 cm.
610 20$aLewis & Valentine Company.
650  0$aLandscape gardening.
988   $a20020608
906   $0MH

