LEADER 00904cam a2200217Ia 4500
001 000000658-0
005 20090712065753.0
008 910329s1915    ilu          s000 0 eng d
035 0 $aocm23353052
040   $aSPI$cSPI$dOCL$dFLL
100 1 $aMiller, Wilhelm,$d1869-
245 10$aAbstract of Circular 184 entitled The prairie spirit in landscape gardening /$cby Wilhelm Miller.
246 3 $aPrairie spirit in landscape gardening.
260   $aUrbana, Ill. :$bUniversity of Illinois Agricultural Experiment Station,$c1915.
300   $a4 p. ;$c23 cm.
490 1 $aCircular / University of Illinois (Urbana-Champaign campus). Agricultural Experiment Station ;$vno. 184 (abstract)
500   $aCover title.
650  0$aLandscape gardening.
830  0$aCircular (University of Illinois (Urbana-Champaign campus). Agricultural Experiment Station) ;$vno. 184 (abstract)
988   $a20020608
906   $0OCLC

