LEADER 00510nam a22001697u 4500
001 000000659-9
005 20020606090541.3
008 830602|1904    |||||||  |||| |0||||eng|d
035 0 $aocm71054058
245 00$aHow to plant the home grounds.
260 0 $a[S.l.] :$bCurtis Publishing Co. :$bIssued by Ladies' Home Journal,$cc1904.
300   $a15 p. :$bill. ;$c20 cm.
490 0 $aBeautiful America leaflet ;$vno.2
650  0$aOrnamental horticulture.
650  0$aLandscape gardening.
988   $a20020608
906   $0MH

