LEADER 00481nam a22001577u 4500
001 000000660-2
005 20020606090541.3
008 830217|1967    |||||||  |||| |0||||eng|d
035 0 $aocm78019302
245 00$aLiving screens for America.
260 0 $a[Washington, D.C. :$bAmerican Association of Nurserymen,$c1967?]
300   $a[10] p. :$bmap, tables ;$c22 x 28 cm.
650  0$aTree planting$zUnited States.
710 2 $aAmerican Association of Nurserymen.
988   $a20020608
906   $0MH

