LEADER 00568nam a2200205K  4500
001 000000661-0
005 20020606090541.3
008 930514s1939    kyu          s000 0 eng d
035 0 $aocm82931908
040   $aFLL$cFLL
100 1 $aElliott, N. R.
245 10$aHedges: uses, planting and care.
260   $aLexington,$bUniversity of Kentucky, College of Agriculture, Extension Division.$c[1939]
300   $a15 p.$bphotos, sketches.
440  0$aCircular$vno. 337
500   $aAug. 1939.
650  0$aHedges.
690  9$aHedges.$5des
988   $a20020608
906   $0MH

