LEADER 00562nam a22001697u 4500
001 000000662-9
005 20090409103434.0
008 830217s1931    |||||||  |||| |0||||eng|d
035 0 $aocm83937237
100 1 $aMulford, Furman Lloyd,$d1869-
245 10$aPorch and outdoor-window boxes /$cF.L. Mulford.
260 0 $a[Washington, D.C.?] :$bU.S. Dept. of Agriculture, Office of Horticulture,$c[1931].
300   $a3 p. ;$c30 cm.
650  0$aWindow-gardening.
710 1 $aUnited States.$bDepartment of Agriculture.$bOffice of Horticulture.
988   $a20020608
906   $0MH

