LEADER 00729nam a2200229K  4500
001 000000663-7
005 20020606090541.3
008 930720s1957    xx            000 0 eng d
035 0 $aocm84571796
040   $aFLL$cFLL
100 1 $aMartel, Donald J.
245 10$aPlantings around the home,$cby Donald J. Martel and I.B. Solberg. Sketches by George Norman Fredeen.
260   $bPacific Northwest Cooperative Extension.$c1957.
300   $a7 p.$bplans, sketches.
440  0$aPacific Northwest Cooperative Bulletin$v16
650  0$aPlants, Ornamental.
650  0$aLandscape gardening.
690  9$aBuildings, Planting about.$5des
700 1 $aSolberg, I. B.
700 1 $aFredeen, George N.
988   $a20020608
906   $0MH

