LEADER 00722nam a2200205I  4500
001 000000664-5
005 20031104121743.0
008 800707s1954    txua     b    000 0 eng d
035 0 $aocm06491250
040   $aCLE$cCLE$dFLL
100 1 $aWhite, Robert F.
245 10$aEffects of landscape development on the natural ventilation of buildings and their adjacent areas.
260   $aCollege Station,$bTexas Engineering Experiment Station,$c1954.
300   $a16 p.$billus.
490 1 $aResearch report 45
504   $aBibliography: p. 15.
650  0$aLandscape architecture.
830  0$aResearch report (Agricultural and Mechanical College of Texas. Engineering Experiment Station) ;$v5.
988   $a20020608
906   $0OCLC

