LEADER 00661nam a22001937u 4500
001 000000665-3
005 20020606090541.3
008 830217|1914    |||||||  |||| |0||||eng|d
035 0 $aocm80446540
100 1 $aElwood, Philip Homer,$d1884-
245 10$aStreet and roadside planting /$cby P.H. Elwood.
260 0 $aAmherst, Mass. :$bExtension Service of the Massachusetts Agricultural College,$c1914.
300   $a1 folded sheet (4 p.) :$bill. ;$c23 cm.
490 0 $aFacts for farmers ;$vv. 4, no. 9
650  0$aRoadside improvement.
650  0$aTree planting.
710 2 $aMassachusetts Agricultural College.$bExtension Service.
988   $a20020608
906   $0MH

