LEADER 00767cam a2200217Ia 4500
001 000000666-1
005 20050527112407.0
008 870325s1926    dcuab    b   f000 0 eng d
035 0 $aocm15364054
040   $aRQF$cRQF$dAGL$dFLL
100 1 $aMulford, Furman Lloyd,$d1869-
245 10$aPlanting the roadside /$cby Furman Lloyd Mulford.
260   $aWashington, D.C. :$bU.S. Dept. of Agriculture,$c1926.
300   $a36 p. :$bill., maps ;$c23 cm.
490 1 $aFarmers' bulletin / United States Department of Agriculture ;$vno. 1481
500   $aCover title.
504   $aIncludes bibliographical references.
650  0$aRoadside improvement.
830  0$aFarmers' bulletin (United States. Department of Agriculture) ;$vno. 1481.
988   $a20020608
906   $0OCLC

