LEADER 00541nam a22001577u 4500
001 000000667-X
005 20020606090541.3
008 830217|1842    |||||||  |||| |0||||eng|d
035 0 $aocm82160661
110 2 $aMassachusetts Horticultural Society.
245 10$aConstitution and by-laws of the Massachusetts Horticultural Society, with the act of incorporation, etc., etc.
260 0 $aBoston, [Mass.] :$bDutton and Wentworth's Print,$c1842.
300   $a88 p. ;$c22 cm.
610 20$aMassachusetts Horticultural Society.
988   $a20020608
906   $0MH

