LEADER 00480nam a22001577u 4500
001 000000668-8
005 20020606090541.3
008 830217|1891    |||||||  |||| |0||||eng|d
035 0 $aocm81301917
110 2 $aMassachusetts Horticultural Society.
245 10$aconstitution and by-laws of the Massachusetts Horticultural Society.
260 0 $aBoston, Mass. :$bThe Society,$c1891.
300   $a16 p. ;$c24 cm.
610 20$aMassachusetts Horticultural Society.
988   $a20020608
906   $0MH

