LEADER 00608nam a22001817u 4500
001 000000669-6
005 20020606090541.3
008 830217|1969    |||||||  |||| |0||||eng|d
035 0 $aocm84309369
100 1 $aSmith, Frederick E.,$d1920-
245 10$aToday the environment, tomorrow the world /$cFrederick E. Smith.
260 0 $a[S.l. :$bs.n.],$c1969.
300   $ap. 317-320 ;$c28 cm.
500   $aReprinted from: Bioscience vol. 19, no. 4 (1969).
500   $aThis is the seventh paper from the symposium "Ecosystems-Evolution and Revolution".
650  0$aEcology$xManagement.
988   $a20020608
906   $0MH

