LEADER 00629nam a22001817u 4500
001 000000670-X
005 20020606090541.3
008 830217|1916    |||||||  |||| |0||||eng|d
035 0 $aocm26605851
100 1 $aBrown, Percy Edgar.
245 10$aFertilizing lawn and garden soils /$cby Percy E. Brown.
260 0 $aAmes, Iowa :$bIowa State College of Agriculture and Mechanic Arts, Agricultural Experiment Station,$c1916.
300   $a15 p. ;$c23 cm.
490 0 $aAgricultural Experiment Station circular ;$vno. 24
650  0$aManures.
710 2 $aIowa State College.$bAgricultural Experiment Station.
988   $a20020608
906   $0MH

