LEADER 01010nam a2200289I  4500
001 000000671-8
005 20020606090541.3
008 930410s1908    dcu          f000 0 eng c
010   $aagr08000232 
035 0 $aocm29750617
040   $aLibrary, U.S. Dept. of Agriculture$cFLL$dFLL
050  4$aS591$b.A3 no.50
090   $aS591$b.A3 no.50
100 1 $aCameron, Frank K.$q(Frank Kenneth),$d1869-
245 10$aMoisture content and physical condition of soils.$cBy Frank K. Cameron and Francis E. Gallagher.
260   $aWashington,$bGovt. Print. Off.,$c1908.
300   $a70 p.$billus., diagrs.$c23 cm.
490 1 $aUnited States. Bureau of Soils. Bulletin$v50
504   $aIncludes bibliographical references.
650  0$aSoil absorption and adsorption.
690  9$aSoils.$5des
650  0$aSoil moisture.
700 1 $aGallagher, Francis E.
700 1 $aGallagher, Francis E.,$eauthor.
830  0$aBulletin (United States. Bureau of Soils) ;$vno. 50.
988   $a20020608
906   $0OCLC

