LEADER 00848cam a2200265Ia 4500
001 000000672-6
005 20020606090541.3
008 830708s1939    dcua     b   f000 0 eng d
035 0 $aocm09681792
040   $aWIX$cWIX$dAGL$dFLL
072   $aJ200
086 0 $aA 1.36:690
100 1 $aFeustel, Irvin C.$q(Irvin Carl),$d1906-
245 14$aThe acidic properties of peat and muck /$cby Irvin C. Feustel.
246 3 $aMuck.
260   $aWashington :$bU.S. Dept. of Agriculture,$c1939.
300   $a42 p. :$bill. ;$c23 cm.
490 1 $aTechnical bulletin / United States Department of Agriculture ;$vno. 690
500   $aCaption title.
504   $aLiterature cited: p. 39-41.
650  0$aPeat.
650  0$aHumus.
830  0$aTechnical bulletin (United States. Department of Agriculture) ;$vno. 690.
988   $a20020608
906   $0OCLC

