LEADER 00778nam a2200229I  4500
001 000000673-4
005 20020606090541.3
008 791120s1911    dcuaf    b   f000 0 eng a
010   $aagr11001077 
035 0 $aocm05718344
040   $aDLC$cIAY$dFLL
090   $aQE597$b.F73
090   $aS591$b.F853
100 1 $aFree, Edward Elway,$d1883-
245 14$aThe movement of soil material by the wind,$cby E. E. Free with a Bibliography of eolian geology, by S. C. Stuntz and E. E. Free.
260   $aWashington,$bGovt. print. off.,$c1911.
300   $a272 p.$billus., v pl.$c23 cm.
490 0 $aU. S. Dept. of agriculture. Bureau of soils. Bulletin$vno. 68
650  0$aWind erosion.
700 1 $aStuntz, S. C.$q(Stephen Conrad),$d1875-1918.
988   $a20020608
906   $0DLC

