LEADER 01193nam a2200337I  4500
001 000000674-2
005 20130204161458.0
008 930505s1910    dcu          f000 0 eng c
010   $aagr10001751 
020   $z9954203668
035 0 $aocm28046349
040   $aU.S. Dept. of Agriculture Library$cYAM$dYAM$dFLL
050  4$aS652$b.K45 1910
090   $aS652$b.K45 1910
100 1 $aKellerman, Karl F.$q(Karl Frederic),$d1879-1934.
245 10$aLegume inoculation and the litmus reaction of soils.$cBy Karl F. Kellerman ... T.R. Robinson ...
260   $aWashington,$bGovt. Print. Off.,$c1910.
300   $a11 p.$c23 cm.
490 1 $aUnited States. Dept of Agriculture. Bureau of Plant Industry. Circular$vno. 71
650  0$aBacteria, Nitrifying.
650  0$aLitmus reaction of soils.
650  0$aNitrifying bacteria.
650  0$aLegumes$xInoculation.
650  0$aFertilizers.
650  0$aSoils$xAnalysis.
710 1 $aRobinson, Thomas Ralph,$ejoint author.
700 1 $aRobinson, T. Ralph.
710 1 $aUnited States.$bBureau of Plant Industry.
830  0$aCircular (United States. Bureau of Plant Industry) ;$vno. 71.
988   $a20020608
906   $0OCLC

