LEADER 01146nam a2200313I  4500
001 000000675-0
005 20020606090541.3
008 930505s1907    dcu          f000 0 eng c
010   $aagr07002236 
035 0 $aocm28046212
040   $aU.S. Dept. of Agriculture Library$cYAM$dHLS
050 00$aS1$b.E7 no. 194
090   $aQR111$b.V66 1907
100 1 $aVoorhees, Edward B.$q(Edward Burnett),$d1856-1911.
245 02$aA review of investigations in soil bacteriology.$cBy Edward B. Voorhees ... and Jacob G. Lipman ...
260   $aWashington,$bGov't. Print. Off.,$c1907.
300   $a108 p.$c23 cm.
490 0 $aUnited States. Dept. of Agriculture. Office of experiment stations. Bulletin$v194
504   $aIncludes bibliographical references.
650  0$aSoil bacteriology.
650  0$aBacteria, Nitrifying.
650  0$aNitrification.
650  0$aSoil microbiology.
650  0$aNitrifying bacteria.
700 1 $aLipman, Jacob Goodale,$d1874-1939,$ejoint author.
700 1 $aLipman, Jacob Goodale,$d1874-1939,$eauthor.
710 1 $aUnited States.$bOffice of Experiment Stations.
988   $a20020608
906   $0OCLC

