LEADER 00502nam a2200193K  4500
001 000000676-9
005 20020606090541.3
008 930702s1943    enk           000 0 eng d
035 0 $aocm80706416
040   $aFLL$cFLL
110 2 $aInstitute of Landscape Architects.
245 10$aReport on top soil conservation and re-use.
260   $a[London],$bThe Institute.$c[1943]
300   $a13 p.
500   $aNov. 1943.
650  0$aSoil conservation.
690  9$aSoils.$5des
988   $a20020608
906   $0MH

