LEADER 00686nam a22002057u 4500
001 000000677-7
005 20020606090541.3
008 830217|1963    |||||||  |||| |0||||eng|d
035 0 $aocn187941417
100 1 $aLyford, Walter Henry,$d1909-
245 10$aImportance of ants to brown podzolic soil genesis in New England /$cby Walter H. Lyford.
260 0 $aPetersham, Mass. :$bHarvard University, Harvard Forest,$c1963.
300   $a17 p. :$bill., tables ;$c28 cm.
490 0 $aHarvard Forest paper ;$vno.7
650  0$aPodzol$zNew England.
650  0$aSoils$zNew England.
650  0$aAnts$zNew England.
710 2 $aHarvard Forest (Research facility)
988   $a20020608
906   $0MH

