LEADER 00803nam a2200229Ia 4500
001 000000678-5
005 20020606090541.3
008 920612s1939    ctu          s000 0 eng d
035 0 $aocm26000004
040   $aRQF$cRQF$dFLL
072   $aJ200
100 1 $aMorgan, M. F.$q(Mont Francis),$d1895-1945.
245 10$aSoil testing methods :$bthe universal soil testing system /$cM.F. Morgan.
260   $aNew Haven :$bConnecticut Agricultural Experiment Station,$c1939.
300   $a16 p. ;$c23 cm.
490 1 $aCircular / Connecticut Agricultural Experiment Station ;$v127
500   $aCover title.
500   $a"Condensed and revised from Bulletin 392"--Cover.
650  0$aSoils$xTesting.
830  0$aCircular (Connecticut Agricultural Experiment Station) ;$v127.
988   $a20020608
906   $0OCLC

