LEADER 02038nam a2200469K  4500
001 000000679-3
005 20090504222843.0
008 930909s1941    dcu          f000 0 eng d
010   $aagr42000094 
035 0 $aocm12002661
040   $aFLL$cFLL
043   $an-us---
050 0 $aS598$b.R5
082   $a631.43
100 1 $aRice, Thomas D.$q(Thomas Donnelly),$d1878-1939.
245 10$aPreliminary color standards and color names for soils.
246 3 $aColor standards and color names for soils
246 3 $aSoil color name charts
260   $aWashington,$bU.S. Dept. of Agriculture.$c[1941]
300   $a12 p.$bphotos, diagrs., tables.
490 1 $aMiscellaneous publication ;$vno. 425
500   $aSept. 1941.
500   $aIncludes Soil color name charts.
504   $aIncludes bibliographical references (pages 11-12).
505 0 $aIntroduction. pp. 1.
505 0 $aDevelopment of present recommendations. pp. 3.
505 0 $aThe ISCC-NBS method of designing soil colors. pp. 6.
505 0 $aAdoption of the ISCC-NBS method for naming soil colors. pp. 9.
505 0 $aDisk matching. pp. 10.
505 0 $aGeneral remarks. pp. 11.
505 0 $aLiterature cited. pp. 11.
520 3 $aSoil scientists in the United States have been studying the problem of establishing standards for soil colors for many years.
520 3 $aThe work presented in this publication is the result of efforts by many people. It is still preliminary and revisions will doubtless be suggested when the standards are used.
650  0$aSoils$xColor$xNomenclature.
690  9$aSoil classification.$5des
690  9$aColor.$5des
650  0$aSoils$xColor.
700 1 $aRice, Thomas D.$q(Thomas Donnelly),$d1878-1939.
776 08$iOnline version:$tPreliminary color standards and color names for soils.$dWashington, D.C. : U.S. Dept. of Agriculture, 1941$w(OCoLC)776343730
830  0$aMiscellaneous publication (United States. Department of Agriculture) ;$vno. 425.
988   $a20020608
906   $0MH

