LEADER 00682nam a2200217 i 4500
001 000000680-7
005 20020606090541.3
008 731211s1971    at           f000 0 eng d
020   $a0643008683
035 0 $aocm27491627
040   $aAUT$cAUT$dm.c.$dFLL
082   $a631.42
100 1 $aColwell, J. D.
245 12$aA comparison of designs of field experiments for the National Soil Fertility Project /$cby J.D. Colwell.
260   $aMelbourne :$bC.S.I.R.O.,$c1971.
300   $a18 p. :$bgraphs, tables ;$c25 cm.
440  0$aDivision of Soils technical paper ;$vno. 2
650  0$aSoil fertility.
650  0$aNational Soil Fertility Project.
988   $a20020608
906   $0OCLC

