LEADER 00983cam a2200265Ii 4500
001 000000681-5
005 20020606090541.3
008 780522s1971    at       b    000 0 eng d
035 0 $aocm03915898
040   $aIQU$cIQU$dm/c$dOCL$dFLL
050  4$aS591$b.A85x no. 7
090   $aS591$b.A85x no. 7
100 1 $aCent, J.
245 10$aPreparation of thin sections of soil materials using synthetic resins /$cby J. Cent and R. Brewer.
260   $aMelbourne :$bCommonwealth Scientific and Industrial Research Organization, Australia,$c1971.
300   $a18 p. ;$c24 cm.
490 1 $aDivision of Soils technical paper ;$vno. 7
504   $aBibliography: p. 18.
650  0$aGums and resins, Synthetic.
650  0$aSoils.
700 1 $aBrewer, R.$q(Roy),$ejoint author.
700 1 $aBrewer, Roy,$eauthor.
810 2 $aCommonwealth Scientific and Industrial Research Organization (Australia).$bDivision of Soils.$tTechnical paper ;$vno. 7.
988   $a20020608
906   $0OCLC

