LEADER 00762nam a2200241 i 4500
001 000000682-3
005 20020606090541.3
008 740327s1971    at a     b   f000 0 eng d
020   $a0643008675
035 0 $aocm27491606
040   $aAUT$cAUT$dm.c.$dFLL
082   $a631.41
100 1 $aWalker, P. H.
245 10$aUse of the Coulter counter (model B) for particle-size analysis of soils /$cby P.H. Walker and J. Hutka.
260   $aMelbourne :$bC.S.I.R.O.,$c1971.
300   $a39 p. :$bill., diagrs., graphs, tables ;$c25 cm.
440  0$aDivision of Soils technical paper ;$vno. 1
504   $aBibliography: p.39.
650  0$aSoils$xAnalysis.
700 1 $aHutka, J.,$ejoint author.
700 1 $aHutka, J.,$eauthor.
988   $a20020608
906   $0OCLC

