LEADER 00907nam a2200241Ia 4500
001 000000683-1
005 20020606090541.3
008 890130s1966    mnuabf   b    000 0 eng d
035 0 $aocm19082579
040   $aSUC$cSUC$dFLL
110 2 $aRochester Olmsted Transportation Planning Study.
245 10$aDevelopmental factors :$bnatural features and soil capabilities /$cRochester Olmstead Transportation Planning Study.
260   $aRochester, MN :$bThe Study,$c1966.
300   $aiii, 57 p., 3 folded leaves of plates :$bill., maps ;$c22 x 28 cm.
440  0$aResearch-analysis report (Rochester Olmsted Transportation Planning Study) ;$vno. 6
500   $aCover title.
500   $a"July 1966."
500   $aHUD 701.
504   $aBibliography: p. 57.
650  0$aNatural resources$zMinnesota$zRochester.
650  0$aNatural resources$zMinnesota$zOlmsted County.
988   $a20020608
906   $0OCLC

