LEADER 00790nam a2200241Ii 4500
001 000000684-X
005 20020606090541.3
008 780524s1952    dcua         f000 0 eng d
035 0 $aocm03924115
040   $aAED$cAED$dm.c.$dFLL
050  4$aTC203$b.U56 tm no. 29
090   $aTC203$b.U56 tm no. 29
100 1 $aHall, Jay V.
245 10$aArtificially nourished and constructed beaches /$c[by Jay V. Hall].
260   $a[Washington] :$bU.S. Beach Erosion Board,$c1952.
300   $a25 p. :$bill. ;$c26 cm.
490 1 $aTechnical memorandum - Beach Erosion Board ;$vno. 29
504   $aBibliography: p. 17-18.
650  0$aShore protection.
650  0$aBeaches.
810 1 $aUnited States.$bBeach Erosion Board.$tTechnical memorandum ;$vno. 29.
988   $a20020608
906   $0OCLC

