LEADER 00764nam a2200205I  4500
001 000000685-8
005 20020606090541.3
008 771207s1895    nyu           000 0 eng d
035 0 $aocm03471846
040   $aAZU$cAZU$dm/c$dFLL
090   $aGB121$b.N27
100 1 $aShaler, Nathaniel Southgate,$d1841-1906.
245 10$aBeaches and tidal marshes of the Atlantic coast.$cBy N. S. Shaler.
260   $aNew York,$aChicago,$bAmerican Book Company$c[1895]
300   $a137-168 p.$c28 cm.
490 0 $aNational geographic monographs, prepared under the auspices of the National geographic society.$vv.1, no. 5
500   $aIn National geographic society, Washington D. C. The physiography of the United States.
650  0$aBeaches.
988   $a20020608
906   $0OCLC

