LEADER 00865nam a22001817u 4500
001 000000686-6
005 20020606090541.3
008 830217|1926    |||||||  |||| |0||||eng|d
035 0 $aocm81348180
245 00$aSave the marsh lands :$bwhy every man and woman in America should personally help pass the Migratory Bird Refuge and Marsh Land Conservation bill.
260 0 $a[Washington, D.C. :$bNational Campaign Committee for the Migratory Bird Refuge and Marsh Land Conservation Bill :$bNational Conference on Outdoor Recreation,$c1926]
300   $a[4] p. :bill. ;$c28 cm.
650  0$aBirds$xConservation$xLaw and legislation.
650  0$aMarsh ecology$xLaw and legislation.
710 2 $aNational Campaign Committee for the Migratory Bird Refuge and Marsh Land Conservation Bill.
711 2 $aNational conference on outdoor recreation.
988   $a20020608
906   $0MH

