LEADER 00639cam a2200217I  4500
001 000000687-4
005 20020606090541.3
008 761027s1908    nyua          000 0 eng  
010   $a   29000858 
035 0 $aocm02532831
040   $aDLC$cNRC$dOCL$dm/c$dFLL
050 0 $aSB465$b.H5 1908
100 1 $aHenderson, Charles.
245 00$aHenderson's picturesque gardens and ornamental gardening illustrated,$cby Charles Henderson.
246 3 $aPicturesque gardens.
260   $aNew York,$bHenderson,$c1908.
300   $a167 p.$billus.$c25 x 31 cm.
650  0$aGardens.
650  0$aLandscape gardening.
988   $a20020608
906   $0DLC

