LEADER 01123naa a2200253Ia 4500
001 000000688-2
005 20020606090541.3
008 861009s18949999wiu           001 0 eng d
035 0 $aocm14366849
040   $aGZS$cGZS$dFLL
043   $an-us-wi
100 1 $aManning, Warren H.$q(Warren Henry),$d1860-1938.
245 12$aA Handbook for planning and planting small home grounds :$bwith a list of native and commonly cultivated plants that are represented in the collection upon the Stout Manual Training School grounds /$cby Warren H. Manning.
260   $aMenomonie, Wis. :$bStout Manual Training School,$c1899.
300   $a76 p. ;$c19 cm.
500   $aIncludes indexes.
580   $aForms part of: Stout Series 18, University of Wisconsin--Stout, Miscellaneous publications.
610 20$aUniversity of Wisconsin--Stout$xLandscape architecture$xHistory.
650  0$aLandscape gardening.
650  0$aOrnamental horticulture.
650  0$aTree planting.
773 1 $7c 2am$aUniversity of Wisconsin--Stout.$tMiscellaneous publications$d1894-$gStout Series 18$w(OCoLC) 8583617.
988   $a20020608
906   $0OCLC

