LEADER 00573nam a2200193K  4500
001 000000689-0
005 20020606090541.3
008 930812s1899    ndu           000 0 eng d
035 0 $aocm82323084
040   $aFLL$cFLL
110 2 $aNorth Dakota Agricultural College.
245 10$aSome hints on ornamental planting.
260   $aFargo, N.D.$bGovernment Agricultural Experiment Station.$c[1899]
300   $app. 472-486.$bphotos., plans, tables.
500   $aSept. 1899.
650  0$aOrnamental horticulture.
690  9$aPlanting design.$5des
988   $a20020608
906   $0MH

