LEADER 00490nam a22001697u 4500
001 000000690-4
005 20020606090541.3
008 830217|1915    |||||||  |||| |0||||eng|d
035 0 $aocm35846519
110 2 $aWagner Park Nursery Company.
245 10$aWagner Landscape Service /$c[Wagner Park Nursery Company]
260 0 $a[Sidney, Ohio :$bThe Co.,$c1915]
300   $a[8] p. :$bill. ;$c31 cm.
610 20$aWagner Park Nursery Co.
650  0$aLandscape gardening.
988   $a20020608
906   $0MH

