LEADER 00427nam a22001577u 4500
001 000000691-2
005 20020606090541.3
008 830217|1955    |||||||  |||| |0||||eng|d
035 0 $aocm84930464
245 00$aPlanting for permanent beauty.
260 0 $a[Detroit?, Mich. :$bDetroit Edison,$c1955?]
300   $a15 p. :$bcol. ill. ;$c28 cm.
650  0$aTree planting.
710 2 $aDetroit Edison Company.
988   $a20020608
906   $0MH

