LEADER 00660nam a22001937u 4500
001 000000692-0
005 20020606090541.3
008 830217|1954    |||||||  |||| |0||||eng|d
035 0 $aocm80821670
100 1 $aEnright, Lee J.
245 10$aPlanting ornamental trees and shrubs /$cL.J. Enright.
260 0 $a[College Park?] Maryland :$bUniversity of Maryland, Cooperative Extension Service,$c[1954]
300   $a1 sheet (2 p.) :$bill. ;$c30 cm.
490 0 $aUniversity of Maryland fact sheet ;$v80
650  0$aOrnamental horticulture.
650  0$aTree planting.
710 2 $aUniversity of Maryland Cooperative Extension Service.
988   $a20020608
906   $0MH

