LEADER 00526nam a22001817u 4500
001 000000693-9
005 20020606090541.3
008 830217|1937    |||||||  |||| |0||||eng|d
035 0 $aocm81698557
100 1 $aKlinkert, John.
245 10$aShewing the uses of topiary /$cJohn Klinkert.
260 0 $a[Surrey, England :$bKew Topiary Nurseries,$c1937?]
300   $a1 folded sheet (12 p.) :$bill. ;$c25 cm.
650  0$aOrnamental shrubs.
650  0$aTopiary work.
710 2 $aKew Topiary Nurseries.
988   $a20020608
906   $0MH

