LEADER 00679nam a2200229K  4500
001 000000694-7
005 20020606090541.3
008 930319s1932    vtu           000 0 eng d
035 0 $aocm80585095
040   $aFLL$cFLL
100 1 $aBrooks, Charlotte Pierpont.
245 10$aWoody plants for yard and garden.
260   $aBurlington, Vt.,$bVermont Agricultural Extension Service.$c[1932]
300   $a8 p.$bsketches, cross-sections.
440  0$aCircular$vno. 56
500   $aJune 1932.
650  0$aWoody plants.
650  0$aOrnamental horticulture.
690  9$aTrees$zUnited States. Vt.$5des
690  9$aShrubs$zUnited States. Vt.$5des
988   $a20020608
906   $0MH

