LEADER 00518nam a2200193K  4500
001 000000695-5
005 20020606090541.3
008 930514s1946    nyu          s000 0 eng d
035 0 $aocm82736179
040   $aFLL$cFLL
100 1 $aDrahos, Nicholas.
245 10$aHedgerows.
260   $aIthaca, N.Y.,$bNew York State College of Agriculture.$c1946.
300   $a32 p.$bphotos.
440  0$aCornell rural school leaflet,$vvol. 40:2
650  0$aHedgerow ecology.
690  9$aHedges.$5des
988   $a20020608
906   $0MH

