LEADER 00593nam a2200205K  4500
001 000000696-3
005 20020606090541.3
008 930504q19001930mau           000 0 eng d
035 0 $aocm82480663
040   $aFLL$cFLL
100 1 $aDeane, Walter,$d1848-1930.
245 10$aSpare our roadside scenery.
260   $aBoston,$bSociety for the Protection of Native Plants.$c[Prior to 1930]
300   $a3 p.
490 0 $aLeaflet$vno. 20
650  0$aRoadside plants$xProtection.
690  9$aRoadside planting.$5des
690  9$aPlants, Native$zUnited States.$5des
988   $a20020608
906   $0MH

