LEADER 00647nam a22001817u 4500
001 000000697-1
005 20020606090541.3
008 830217|1919    |||||||  |||| |0||||eng|d
035 0 $aocm81502276
100 1 $aFrancis, Henry R.
245 10$aRoadside trees :$bdiscussing their existing conditions and values ... /$cby Henry R. Francis.
260 0 $aSyracuse, [N.Y.] :$bSyracuse Univ.,$c1919.
300   $a16 p. :$bill. ;$c22 cm.
490 0 $aNew York State College of Forestry circular ;$vno. 17
650  0$aRoadside improvement$zNew York (State)
710 2 $aNew York State College of Forestry at Syracuse University.
988   $a20020608
906   $0MH

