LEADER 00678nam a22001937u 4500
001 000000698-X
005 20030319111627.0
008 830217|1925    |||||||  |||| |0||||eng|d
035 0 $aocm78392106
100 1 $aHalligan, C. P.$q(Charles Parker),$d1881-
245 10$aRural highways /$cC.P. Halligan.
260 0 $aEast Lansing, Mich. :$bMichigan Agricultural College, Agricultural Experiment Station,$c1925.
300   $a20 p. :$bill. ;$c23 cm.
490 0 $aRural landscape series ;$vno. 1
490 0 $aMichigan special bulletin ;$vno. 138
650  0$aRoadside improvement$zMichigan.
710 2 $aMichigan Agricultural College.$bExperiment Station.
988   $a20020608
906   $0MH

