LEADER 00550nam a2200193K  4500
001 000000699-8
005 20140505145400.0
008 931011n        nyu           000 0 eng d
035 0 $aocm80034068
040   $aFLL$cFLL
100 1 $aTabor, Grace,$d1873?-.
245 10$aSuggestions for roadside planting.
260   $aN.Y.,$bLong Island Chamber of Commerce.$c[n.d.]
300   $a1 p.
650  0$aRoadside improvement$zNew York (State)$zLong Island.
690  9$aRoadside planting.$5des
700 1 $aPendleton, Isabella.
988   $a20020608
906   $0MH

