LEADER 01114nam a2200265Ia 4500
001 000000700-5
005 20020606090541.3
008 840307s1972    dcuab    b   s00100 eng d
035 0 $aocm10493707
040   $aMCS$cMCS
245 02$aA Handbook for the selection of some adaptable plant species for Massachusetts roadsides /$cJohn M. Zak ... [et al.].
260 0 $a[Washington, D.C.? :$bDept. of Transportation?,$c1972]
300   $a43 p. :$bill., map ;$c23 cm.
490 0 $aReport ;$v24-R5-2656-Roadside development
500   $aCover title.
500   $a"Prepared for Massachusetts Department of Public Works in cooperation with U.S. Department of Transportation, Federal Highway Administration."
500   $a"Performing Organization ... University of Massachusetts, College of Food and Natural Resources, Department of Plant and Soil Sciences"--P. 1.
500   $a"August 1972."
500   $aIncludes index.
504   $aBibliography: p. 41.
650  0$aRoadside improvement$zMassachusetts.
650  0$aRoadside plants$zMassachusetts.
700 1 $aZak, John M.
988   $a20020608
906   $0MH

