LEADER 00499nam a22001577u 4500
001 000000701-3
005 20020606090541.3
008 830217|1931    |||||||  |||| |0||||eng|d
035 0 $aocn187941471
245 04$aThe Road beautiful pays.
260 0 $aSyracuse, N.Y. :$bNew York State college of Forestry, Syracuse University,$c[1931?]
300   $a14 p. :$bill. ;$c23 cm.
650  0$aRoadside improvement.
710 2 $aNew York State College of Forestry at Syracuse University.
988   $a20020608
906   $0MH

