LEADER 00838nam a22001937u 4500
001 000000702-1
005 20020606090541.3
008 830217|1970    |||||||  |||| |0||||eng|d
035 0 $aocn187941483
100 1 $aDuell, Robert W.,$d1929-
245 10$aHighway vegetation :$bfor utility, safety, economy, and beauty /$cby Robert W. Duell.
260 0 $a[New Brunswick, N.J. :$bRutgers University, College of Agriculture and Environmental Science :$bN.J. Agricultural Experiment Station,$c1970?]
300   $a30 p. :$bill., map, tables ;$c22 x 28 cm.
490 0 $aRutgers College of Agriculture and Environmental Science bulletin ;$v822
650  0$aRoadside improvement.
710 2 $aRutgers University.$bCollege of Agriculture and Environmental Science.
710 2 $aNew Jersey Agricultural Experiment Station.
988   $a20020608
906   $0MH

