LEADER 00797nam a22001937u 4500
001 000000703-X
005 20020606090541.3
008 830217|1965    |||||||  |||| |0||||eng|d
035 0 $aocm82736183
245 00$aDivision 1 plant material check list.
246 3 $aDivision one plant material check list.
260 0 $aWashington, D.C. :$bU.S. Dept. of Commerce, Bureau of Public Roads,$c1965.
300   $a[36] p. :$bmaps, chiefly tables ;$c22 x 25 cm.
500   $a"As revised and rendered by the AASHO Operating Committee on Roadside Development, Region 1, in cooperation with allied individuals."
650  0$aRoadside improvement$zNortheastern States.
650  0$aVegetation classification$zNortheastern States.
710 1 $aUnited States.$bBureau of Public Roads.
988   $a20020608
906   $0MH

