LEADER 00655nam a2200193I  4500
001 000000704-8
005 20020606090541.3
008 870908s1862    mau           000 0 eng  
010   $aca 12000686 /D
035 0 $aocm16652909
040   $aDLC$cLRU$dFLL
050 0 $aSB441$b.M4
110 2 $aMassachusetts Horticultural Society.
245 10$aProperties of plants and flowers,$ccompiled by the Flower Committee of the Massachusetts Horticultural Society and approved by the Society as the standard for judging plants and flowers.
260   $aBoston,$bThe Society,$c1862.
300   $a33 p., 1 l.$c20 cm.
650  0$aFlowers.
988   $a20020608
906   $0DLC

