LEADER 00482nam a22001577u 4500
001 000000705-6
005 20020606090541.3
008 830217|1895    |||||||  |||| |0||||eng|d
035 0 $aocm81720636
110 2 $aMassachusetts Horticultural Society.
245 10$aConstitution and by-laws of the Massachusetts Horticultural Society.
260 0 $aBoston, [Mass.] :$bThe Society,$c1895.
300   $a15 p. ;$c24 cm.
610 20$aMassachusetts Horticultural Society.
988   $a20020608
906   $0MH

