LEADER 00565nam a22001697u 4500
001 000000706-4
005 20020606090541.3
008 830217|1902    |||||||  |||| |0||||eng|d
035 0 $aocm80076096
110 2 $aMassachusetts Horticultural Society.
245 10$aProposed constitution and by-laws of the Massachusetts Horticultural Society.
260 0 $a[Boston?, Mass. :$bThe Society,$c1902?]
300   $a8 p. ;$c23 cm.
500   $aIncludes a 3 page elaboration on the proposed amendments.
610 20$aMassachusetts Horticultural Society.
988   $a20020608
906   $0MH

