LEADER 00469nam a22001577u 4500
001 000000707-2
005 20020606090541.3
008 830217|1903    |||||||  |||| |0||||eng|d
035 0 $aocn187941509
110 2 $aMassachusetts Horticultural Society.
245 10$aCharter and by-laws of the Massachusetts Horticultural Society.
260 0 $a[Mass. :$bThe Society,$c1903]
300   $a20 p. ;$c23 cm.
610 20$aMassachusetts Horticultural Society.
988   $a20020608
906   $0MH

