LEADER 00600nam a22001697u 4500
001 000000708-0
005 20090712065753.0
008 830217|1975    |||||||  |||| |0||||eng|d
035 0 $aocm77580209
245 00$aUrban ecology 1975 :$b4 walking tours of Boston /$cHarvard University, Dept. of Landscape Architecture.
260 0 $a[Cambridge, Mass.?] :$bThe Department,$c1975.
300   $a[39] p. ;$c28 cm.
650  0$aUrban ecology (Sociology)$zMassachusetts$zBoston.
651  0$aBoston (Mass.)$xTours.
710 2 $aHarvard University.$bDepartment of Landscape Architecture.
988   $a20020608
906   $0MH

