LEADER 00597nam a22001697u 4500
001 000000709-9
005 20020606090541.3
008 830217|1933    |||||||  |||| |0||||eng|d
035 0 $aocm84568691
100 1 $aMcLane, Stanley R.,$d1894-
245 10$aGarden manual :$bfor the Country Club District Home Associations of Kansas City, Missouri /$cby Stanley R. McLane.
260 0 $aKansas City, Mo. :$bThe Associations,$c[1933?]
300   $a24 p. ;$c23 cm.
650  0$aGardening$zMissouri$xHandbooks, manuals, etc.
710 2 $aCountry Club District Home Associations (Mo.)
988   $a20020608
906   $0MH

