LEADER 00471nam a22001577u 4500
001 000000710-2
005 20020606090541.3
008 830217|1926    |||||||  |||| |0||||dut|d
035 0 $aocm81155698
100 1 $aBijhouwer, Jan Tijs Pieter.
245 10$aGeobotanische studie van de Bergerduinen /$cJan Tijs Pieter Bijhouwer.
260 0 $aDeventer, Netherlands :$bDeIjsel,$c1926.
300   $a202 p. :$bcharts, tables.
650  0$aPlants$zNetherlands.
988   $a20020608
906   $0MH

