LEADER 00720nam a2200229Ka 4500
001 000000711-0
005 20020606090541.3
008 910808s1904    dcu           000 0 eng d
035 0 $aocm24203839
040   $aAFM$cAFM$dFLL
050  4$aS591$b.U5b no.25
090   $aS591$b.U5b no.25
100 1 $aBuckingham, Edgar,$d1867-1940.
245 10$aContributions to our knowledge of the aeration of soils /$cby Edgar Buckingham.
260   $bU.S. Dept. of Agriculture, Bureau of Soils,$c1904.
300   $a52 p.
490 0 $aU.S. Dept. of Agriculture. Bureau of Soils. Bulletin ;$vno. 25
504   $aIncludes bibliographical references.
650  0$aSoil aeration.
650  0$aSoils.
988   $a20020608
906   $0OCLC

