LEADER 00917nam a2200265I  4500
001 000000712-9
005 20020606090541.3
008 930410s1905    dcu          f000 0 eng c
010   $aagr06000579 
035 0 $aocm29749452
040   $aLibrary, U.S. Dept. of Agriculture$cFLL$dFLL
050  4$aS591$b.A3 no.30
100 1 $aCameron, Frank K.$q(Frank Kenneth),$d1869-1958.
245 14$aThe mineral constituents of the soil solution.$cBy Frank K. Cameron and James M. Bell.
260   $aWashington,$bGovt. Print. Off.,$c1905.
300   $a70 p.$billus.$c23 cm.
490 1 $aUnited States. Bureau of Soils. Bulletin$v30
650  0$aSoil mineralogy.
650  0$aSoil absorption and adsorption.
650  0$aSoils$xAnalysis.
700 1 $aBell, James Munsie.
710 1 $aUnited States.$bBureau of Soils.
830  0$aBulletin (United States. Bureau of Soils) ;$vno. 30.
988   $a20020608
906   $0OCLC

