LEADER 00547nam a22001697u 4500
001 000000713-7
005 20020606090541.3
008 830217|1911    |||||||  |||| |0||||eng|d
035 0 $aocn187941528
100 1 $aDavis, R. O. E.
245 14$aThe effect of soluble salts on the physical properties of soil /$cby R.O.E. Davis.
260 0 $aWashington, [D.C.] :$bG.P.O.,$c1911.
300   $a38 p., 6 leaves of plates :$bill., charts, tables ;$c23 cm.
650  0$aSoils, Salts in.
710 1 $aUnited States.$bBureau of Soils.
988   $a20020608
906   $0MH

