LEADER 00619nam a22001817u 4500
001 000000714-5
005 20080305102008.0
008 830217s1918    |||||||  |||| |0||||eng|d
035 0 $aocn232006633
100 1 $aMeans, Thomas H.$q(Thomas Herbert),$d1875-1965.
245 14$aThe soluble mineral matter of soils /$cby Thomas H. Means.
250   $a[Washington, D.C.? :$bU.S. Dept. of Agriculture?,
300   $ap. 495-504 :$btables ;$c23cm.
500   $aReprint from: Yearbook of Dept. of Agriculture (1898).
650  0$aSoil mineralogy.
710 1 $aUnited States.$bDepartment of Agriculture.
988   $a20020608
906   $0MH

