LEADER 00847nam a2200241K  4500
001 000000715-3
005 20020606090541.3
008 880614s1912    dcuaf    b   f000 0 eng d
035 0 $aocm18090005
040   $aVXG$cVXG$dFLL
090   $aS591$b.S3
100 1 $aSchreiner, Oswald.
245 10$aNitrogenous soil constituents and their bearing on soil fertility,$cby Oswald Schriener and J.J. Skinner.
260   $aWashington,$bGovt. Print. Off.,$c1912.
300   $a84 p.$billus., 11 plates.$c24 cm.
490 1 $aU.S. Department of Agriculture, Bureau of Soils. Bulletin,$vno. 87
504   $aBibliography: p. 83-84.
650  0$aSoils$xNitrogen content.
650  0$aSoil fertility.
650  0$aPlant-soil relationships.
830  0$aBulletin. U.S. Department of Agriculture, Bureau of Soils ;$vno. 87.
988   $a20020608
906   $0OCLC

