LEADER 00980cam a2200253Ia 4500
001 000000716-1
005 20020606090541.3
008 890721s1945    riu      b   s000 0 eng d
035 0 $aocm20050749
040   $aRQF$cRQF$dAGL$dFLL
043   $an-us-ri
072   $aJ200
100 1 $aSmith, John B.$q(John Blackmer),$d1894-
245 10$aRhode Island soil types :$btexture and chemical composition, and a utility index /$cby John B. Smith and Basil E. Gilbert.
260   $aKingston, R.I. :$bRhode Island State College Agricultural Experiment Station,$c1945.
300   $a35 p., [6] p. ;$c23 cm.
490 1 $aBulletin / Rhode Island State College Agricultural Experiment Station ;$v296
500   $aCover title.
504   $aBibliography: p. 29.
650  0$aSoils$zRhode Island$xClassification.
700 1 $aGilbert, Basil Elijah,$d1892-1945.
830  0$aBulletin (Rhode Island State College. Agricultural Experiment Station) ;$v296.
988   $a20020608
906   $0OCLC

