LEADER 00464nam a2200169K  4500
001 000000717-X
005 20020606090541.3
008 951117r19261926xx            000 0 eng d
035 0 $aocm77843159
040   $aBOH$cBOH
100 1 $aWherry, Edgar Theodore,$d1885-
245 10$aSoil reaction in relation to horticulture.
260   $c1926.
500   $aReprinted from Am. Hort. Soc. no. 4: 1-14. 1926.
650  0$aPlant-soil relationships.
988   $a20020608
906   $0MH

