LEADER 00874caa a2200241M  4500
001 000000718-8
005 20141218102938.0
008 920417s1905    dcu           000 0 eng d
010   $aags09000208 
035 0 $aocm61357178
035 0 $aocm27280248
040   $aJHE$cJHE$dHLS
050  4$aS652$b.W66 1905
100 1 $aWoods, Albert Fred,$d1866-1948.
245 00$aInoculation of soil with nitrogen-fixing bacteria.
650  0$aBacteria, Nitrifying.
650  0$aSoils$xInoculation.
650  0$aNitrifying bacteria.
773 0 $7c1as$aU. S. Dept. of agriculture.$bBureau of plant industry.$tBulletin no. 72, p. 23-30. 23 cm.$dWashington, 1905.
710 1 $aUnited States.$bBureau of Plant Industry.
773 0 $7c1as$aU.S. Department of agriculture.$bBureau of plant industry.$tBulletin no. 72, p. 23-30. 23 cm.$dWashington, 1905
988   $a20020608
906   $0OCLC

