LEADER 00736nam a22001937u 4500
001 000000719-6
005 20020606090541.3
008 830217|1914    |||||||  |||| |0||||eng|d
035 0 $aocm16515895
100 1 $aRobinson, W. O.$q(William Orrin),$d1884-
245 14$aThe inorganic composition of some important American soils /$cby W.O. Robinson.
260 0 $a[Washington, D.C. :$bG.P.O. :$bfor sale by the Supt. of Docs., U.S. G.P.O.],$c1914.
300   $a27 p. :$btables ;$c23 cm.
490 1 $aU.S. Dept. of Agriculture bulletin ;$vno. 122
650  0$aSoils$zUnited States$xComposition.
710 1 $aUnited States.$bBureau of Soils.
830  0$aBulletin of the U.S. Department of Agriculture ;$vno. 122.
988   $a20020608
906   $0MH

