LEADER 00786nam a2200253 i 4500
001 000000720-X
005 20020606090541.3
008 730815s1971    at       b   f000 0 eng d
020   $a0643008691
035 0 $aocm27491647
040   $aAUT$cAUT$dm.c.$dFLL
082   $a546.22
100 1 $aHughes, M. W.
245 13$aAn apparatus and method for the measurement of natural abundance of tritium /$cby M.W. Hughes and J.W. Holmes.
260   $aMelbourne :$bC.S.I.R.O.,$c1971.
300   $a15 p. :$bdiagrs., tables ;$c25 cm.
440  0$aDivision of Soils technical paper ;$vno. 3
504   $aBibliography: p.14.
650  0$aTritium.
650  0$aWater$xAnalysis.
700 1 $aHolmes, J. W.$ejoint author.
700 1 $aHolmes, J. W.,$eauthor.
988   $a20020608
906   $0OCLC

