LEADER 00717nam a22001817u 4500
001 000000721-8
005 20020606090541.3
008 830217|1972    |||||||  |||| |0||||eng|d
035 0 $aocm03915887
100 1 $aLoveday, J.
245 10$aMoisture content of soils for making saturation extracts and the effect of grinding /$cby J. Loveday.
260 0 $a[Melbourne, Vic.] :$bCommonwealth Scientific and Industrial Research Organization,$c1972.
300   $a9 p. :$bill., tables ;$c24 cm.
490 0 $aDivision of Soils technical paper ;$vno. 12
650  0$aSoil moisture$xMeasurement.
710 2 $aCommonwealth Scientific and Industrial Research Organization (Australia).$bDivision of Soils.
988   $a20020608
906   $0MH

