LEADER 00887nam a2200229K  4500
001 000000722-6
005 20020606090541.3
008 930812s1971    at            000 0 eng d
035 0 $aocm61575708
040   $aFLL$cFLL
100 1 $aNorris, J. M.
245 12$aA storage and retrieval system for micromorphological descriptions of soils,$cby J.M. Norris, S.W. Cumpston, and J.R. Sleeman.
260   $aMelbourne, Australia,$bCommonwealth Scientific and Industrial Research Organization,$c1971.
300   $a20 p.$bdiagrs.
410 20$aCommonwealth Scientific and Industrial Research Organization (Australia).$bDivision of Soils.$tTechnical paper,$v10
650  0$aSoil micromorphology.
690  9$aSoils$xTechnical procedure.$5des
690  9$aInformation storage and retrieval systems.$5des
700 1 $aCumpston, S. W.
700 1 $aSleeman, J. R.
988   $a20020608
906   $0MH

