LEADER 00682nam a22001817u 4500
001 000000723-4
005 20020606090541.3
008 830217|1971    |||||||  |||| |0||||eng|d
035 0 $aocn187941560
100 1 $aOertel, A. C.
245 14$aThe calculation of results in electron-probe microanalysis /$cby A.C. Oertel.
260 0 $a[Melbourne, Vic.] :$bCommonwealth Scientific and Industrial Research Organization,$c1971.
300   $a26 p. ;$c24 cm.
490 0 $aDivision of Soils technical paper ;$vno. 9
650  0$aElectron probe microanalysis.
710 2 $aCommonwealth Scientific and Industrial Research Organization (Australia).$bDivision of Soils.
988   $a20020608
906   $0MH

