LEADER 00646nam a22001817u 4500
001 000000724-2
005 20020606090541.3
008 830217|1971    |||||||  |||| |0||||eng|d
035 0 $aocm82686784
100 1 $aTucker, B. M.
245 10$aBasic exchangeable actions in soils /$cby B. M. Tucker.
260 0 $a[Melbourne, Vic.] :$bCommonwealth Scientific and Industrial Research Organization,$c1971.
300   $a22 p. :$btables ;$c24 cm.
490 0 $aDivision of soils technical paper ;$vno. 8
650  0$aSoils.
710 2 $aCommonwealth Scientific and Industrial Research Organization (Australia).$bDivision of Soils.
988   $a20020608
906   $0MH

