LEADER 00724nam a2200205K  4500
001 000000725-0
005 20020606090541.3
008 930902s1971    vau           000 0 eng d
035 0 $aocm82471896
040   $aFLL$cFLL
100 1 $aPorter, H. C.$q(Henry Cyrus),$d1886-
245 10$aCan you afford not to look at soils?$cby H.C. Porter and D.E. Pettry.
260   $aBlacksburg, Va.,$bVirginia Polytechnic Institute and State University, Extension Division,$c1971.
300   $a45 p.$billus.
410 20$aVirginia Polytechnic Institute.$bCooperative Extension Service.$tPublication,$v449
650  0$aSoil surveys.
690  9$aSoils$zUnited States. Virginia.$5des
700 1 $aPettry, D. E.
988   $a20020608
906   $0MH

