LEADER 00449nam a22001577u 4500
001 000000726-9
005 20020606090541.3
008 830217|1967    |||||||  |||| |0||||eng|d
035 0 $aocm82789504
245 00$aSweet and sour :$bsoil reaction (pH) preferences of plants.
260 0 $aChelmsford, Mass. :$bYork Associates,$cc1967.
300   $a17 p. ;$c23 cm.
650  0$aPlant-soil relationships.
710 2 $aYork Associates.
988   $a20020608
906   $0MH

