LEADER 01019nam a22002177u 4500
001 000000727-7
005 20020606090541.3
008 830217|1949    |||||||  |||| |0||||eng|d
035 0 $aocm09119022
245 04$aThe Use of agricultural soil maps and the status of agricultural soil mapping in the United States.
260 0 $aWashington, D.C. :$bNational Research Council, Division of Engineering and Industrial Research, Highway Research Board,$c1949.
300   $a128 p. :$bill., maps (1 folded), tables ;$c25 cm.
490 1 $aHighway Research Board bulletin ;$vno. 22
500   $aPresented at the twenty-eighth annual meeting in 1948.
650  0$aAgriculture$zUnited States$xMaps.
650  0$aSoil mapping$zUnited States.
710 2 $aNational Research Council (U.S.).$bDivision of Engineering and Industrial Research.
710 2 $aNational Research Council (U.S.).$bHighway Research Board.
830  0$aBulletin (National Research Council (U.S.). Highway Research Board) ;$v22.
988   $a20020608
906   $0MH

