LEADER 00751nam a2200229K  4500
001 000000728-5
005 20020606090541.3
008 930719s1972    mau          s000 0 eng d
035 0 $aocm79611114
040   $aFLL$cFLL
130 0 $aMassachusetts heritage, vol. 9:3, January 1972.
245 14$aThe uses of soil studies in urban planning,$c[by] Carol J. Thomas.
260   $aAmherst, Mass.,$bUniversity of Massachusetts, Cooperative Extension Service,$c1972.
300   $a[4] p.
650  0$aSoil surveys.
650  0$aCity planning.
690  9$aSoils.$5des
690  9$aSurveys, Soil.$5des
700 1 $aThomas, Carol J.
710 2 $aUniversity of Massachusetts (Amherst campus).$bCooperative Extension Service.
988   $a20020608
906   $0MH

