LEADER 00983cam a2200253Ia 4500
001 000000729-3
005 20020606090541.3
008 870918s1924    dcuaf        f000 0 eng d
035 0 $aocm16709575
040   $aRQF$cRQF$dAGL$dFLL
072   $aJ500
100 1 $aAllison, Franklin E.$q(Franklin Elmer),$d1892-1972.
245 10$aField experiments with atmospheric-nitrogen fertilizers /$cby F.E. Allison and J.M. Braham and J.E. McMurtrey, Jr.
260   $aWashington, D.C. :$bU.S. Dept. of Agriculture,$c1924.
300   $a44 p., 14 p. of plates :$bill. ;$c24 cm.
490 1 $aDepartment bulletin / United States Department of Agriculture ;$vno. 1180
500   $aCaption title.
500   $a"January 22, 1924."
650  0$aNitrogen fertilizers.
700 1 $aBraham, J. M.$q(Joseph M.),$d1891-
700 1 $aMcMurtrey, J. E.$q(James Edward),$d1893-
830  0$aDepartment bulletin (United States. Department of Agriculture) ;$vno. 1180.
988   $a20020608
906   $0OCLC

