LEADER 00750nam a22002057u 4500
001 000000730-7
005 20020606090541.3
008 830217|1906    |||||||  |||| |0||||eng|d
035 0 $aocm78691000
100 1 $aWhitney, Milton,$d1860-1927.
245 10$aSoil fertility /$cby Milton Whitney.
260 0 $aWashington, [D.C.] :$bG.P.O.,$c1906.
300   $a39 p. :$bill. ;$c23 cm.
490 1 $aU.S. Dept. of Agriculture. Farmers' bulletin ;$vno.257
500   $aAn address delivered before the Rich Neck Farmers' Club of Queen Anne County, Maryland.
650  0$aSoil fertility.
710 1 $aUnited States.$bDepartment of Agriculture.
830  0$aFarmers' bulletin (United States. Department of Agriculture) ;$vno. 257.
988   $a20020608
906   $0MH

