LEADER 00615nam a22001817u 4500
001 000000731-5
005 20020606090541.3
008 830217|1925    |||||||  |||| |0||||eng|d
035 0 $aocm78506709
100 1 $aBeaumont, A. B.$q(Arthur Bishop),$d1887-
245 14$aThe use of concentrated fertilizers /$cby A.B. Beaumont.
260 0 $aMassachusetts :$bMass. Agricultural Experiment Station,$c1925.
300   $a4 p. :$btables ;$c28 cm.
490 0 $aMass. Agricultural Experiment Station circular ;$vno. 72
650  0$aManures.
710 2 $aMassachusetts Agricultural Experiment Station.
988   $a20020608
906   $0MH

