LEADER 00659nam a2200217K  4500
001 000000732-3
005 20020606090541.3
008 941021s1954    tnu           000 0 eng d
035 0 $aocm84256728
040   $aHLS$cHLS
100 1 $aClapp, Gordon R.
245 10$aFarms, fertilizers, and munitions.
260   $a[Knoxville, [Tenn.]]$bTennessee Valley Authority$c[1954]
300   $a19 p.
490 0 $a[Lectures at the Univ. of Chicago under auspices of the Charles R. Walgreen Foundation, Feb. 1954,$v3]
650  0$aManures.
650  0$aDefense industries.
650  0$aNitrogen industries.
650  0$aMilitary weapons.
988   $a20020608
906   $0MH

