LEADER 00692nam a22002057u 4500
001 000000733-1
005 20020606090541.3
008 830217|1906    |||||||  |||| |0||||eng|d
035 0 $aocn187941597
100 1 $aBeal, W. H.
245 10$aBarnyard manure /$cby W.H. Beal.
260 0 $aWashington, [D.C.] :$bG.P.O.,$c1906.
300   $a32 p. :$bill., tables ;$c23 cm.
490 1 $aU.S. Dept. of Agriculture. Farmers' bulletin ;$vno. 192
500   $aThis is a revision of Farmers' bulletin no. 21.
650  0$aManures.
710 1 $aUnited States.$bDepartment of Agriculture.
830  0$aFarmers' bulletin (United States. Department of Agriculture) ;$vno. 192.
988   $a20020608
906   $0MH

