LEADER 00844cam a2200241Ia 4500
001 000000734-X
005 20020606090541.3
008 881108s1920    maua     b   s000 0 eng d
035 0 $aocm18721809
040   $aRQF$cRQF$dAGL$dFLL
072   $aJ500
100 1 $aBrooks, William P.$q(William Penn),$d1851-
245 10$aMethods of applying manure /$cby William P. Brooks.
260   $aAmherst, Mass. :$bMassachusetts Agricultural Experiment Station,$c1920.
300   $ap. [39]-60, [1] leaf of plates :$bill. ;$c23 cm.
490 1 $aBulletin / Massachusetts Agricultural Experiment Station ;$vno. 196
500   $aCover title.
504   $aBibliography: p. 60.
650  0$aManures.
650  0$aFertilizers$xApplication.
830  0$aBulletin (Massachusetts Agricultural Experiment Station) ;$vno. 196.
988   $a20020608
906   $0OCLC

