LEADER 01089cam a2200289Ia 4500
001 000000735-8
005 20020606090541.3
008 830627s1933    dcuab    b   f000 0 eng d
035 0 $aocm09649099
040   $aWIX$cWIX$dAGL$dOCL$dFLL
043   $an-us-ca$an-us-or
072   $aP210
086 0 $aA 1.36:379
100 1 $aFortier, Samuel.
245 10$aIrrigation requirements of the arid and semiarid lands of the Pacific slope basins /$cby Samuel Fortier and Arthur A. Young.
260   $aWashington :$bU.S. Dept. of Agriculture,$c1933.
300   $a70 p. :$bill., 1 map ;$c23 cm.
490 1 $aTechnical bulletin / United States Department of Agriculture ;$vno. 379
500   $aCover title.
500   $aContribution from Bureau of agricultural engineering.
504   $aLiterature cited: p. 44-46.
650  0$aIrrigation$xResearch$zCalifornia.
650  0$aIrrigation$xResearch$zOregon.
700 1 $aYoung, Arthur A.$q(Arthur Appleton),$d1879-
830  0$aTechnical bulletin (United States. Department of Agriculture) ;$vno. 379.
988   $a20020608
906   $0OCLC

