LEADER 01037cam a2200253Ia 4500
001 000000736-6
005 20020606090541.3
008 870114s1906    dcua     b   f000 0 eng d
035 0 $aocm15069524
040   $aRQF$cRQF$dAGL$dFLL
050  4$aS21.A6$bno.263
072   $aP210
100 1 $aFortier, Samuel.
245 10$aPractical information for beginners in irrigation /$cby S. Fortier.
260   $aWashington :$bU.S. Dept. of Agriculture,$c1906.
300   $a40 p. :$bill. ;$c23 cm.
490 1 $aFarmers' bulletin / United States Department of Agriculture ;$vno. 263
500   $aCover title.
504   $aIncludes bibliographical references.
505 0 $aSelection and location of an irrigated farm -- The water supply -- Farm ditches -- Preparation of land for irrigation -- Irrigating different crops -- How to lessen the waste of water -- Right quantity of water to apply.
650  0$aIrrigation.
830  0$aFarmers' bulletin (United States. Department of Agriculture) ;$vno. 263.
988   $a20020608
906   $0OCLC

