LEADER 00462nam a22001577u 4500
001 000000737-4
005 20020606090541.3
008 830217|1922    |||||||  |||| |0||||eng|d
035 0 $aocm77872260
245 00$aConcrete tile for land drainage :$bconcrete for permanence.
260 0 $aChicago, Ill. :$bPortland Cement Association,$c[1922?]
300   $a23 p. :$bill. ;$c23 cm.
650  0$aDrainage.
710 2 $aPortland Cement Association.
988   $a20020608
906   $0MH

