LEADER 00667nam a22001937u 4500
001 000000738-2
005 20141218102530.0
008 830217|1895    |||||||  |||| |0||||eng|d
035 0 $aocm25160977
100 1 $aGalloway, B. T.
245 10$aWater as a factor in the growth of plants /$cby B.T. Galloway and Albert F. Woods.
260 0 $aWashington, [D.C.] :$bG.P.O.,$c1895.
300   $ap. 165-176 :$bill. ;$c23 cm.
500   $aReprinted from: Yearbook of the U.S. Dept. of Agriculture for 1894.
650  0$aPlant-water relationships.
700 1 $aWoods, Albert Fred,$d1866-1948.
710 1 $aUnited States.$bDepartment of Agriculture.
988   $a20020608
906   $0MH

