LEADER 00596nam a22001817u 4500
001 000000739-0
005 20020606090541.3
008 830217|1915    |||||||  |||| |0||||eng|d
035 0 $aocm82686602
245 04$aThe Boston giant park sprinkler :$bthe Boston junior park sprinkler and the "young fountain".
260 0 $aBoston, Mass. :$bSpray Engineering Company,$c1915.
300   $a8 p. :$bill. (some col.) ;$c23 cm.
490 0 $aSpray Engineering Co. bulletin ;$vno. 176
650  0$aLawns$xIrrigation.
650  0$aSprinklers.
710 2 $aSpray Engineering Company.
988   $a20020608
906   $0MH

