LEADER 00433nam a22001577u 4500
001 000000740-4
005 20020606090541.3
008 830217|1925    |||||||  |||| |0||||eng|d
035 0 $aocm82736762
245 00$aLovely English gardens from dense English fogs.
260 0 $a[Detroit, Mich. :$bBrooks,$c1925?]
300   $a1 folded sheet (5 p.) :$bill. ;$c32 cm.
650  0$aSprinklers.
710 2 $aBrooks (Firm)
988   $a20020608
906   $0MH

