LEADER 00417nam a22001577u 4500
001 000000741-2
005 20020606090541.3
008 830217|1925    |||||||  |||| |0||||eng|d
035 0 $aocm79007431
245 00$aSoft spring showers for your garden, every day.
260 0 $a[Detroit, Mich. :$bBrooks,$c1925?]
300   $a14 p. :$bill. ;$c17 cm.
650  0$aSprinklers.
710 2 $aBrooks (Firm)
988   $a20020608
906   $0MH

