LEADER 00666nam a22001937u 4500
001 000000742-0
005 20020606090541.3
008 830217|1946    |||||||  |||| |0||||eng|d
035 0 $aocm83702172
100 1 $aHamilton, C. L.$q(Claude L.)
245 10$aTerrace outlets and farm drainageways /$cby C.L. Hamilton.
260 0 $a[Washington, D.C.] :$bU.S. Dept. of Agriculture,$c[1946]
300   $a45 p. :$bill., tables ;$c23 cm.
490 1 $aFarmers' bulletin ;$vno. 1814
650  0$aDrainage.
710 1 $aUnited States.$bDepartment of Agriculture.
830  0$aFarmers' bulletin (United States. Department of Agriculture) ;$vno. 1814.
988   $a20020608
906   $0MH

