LEADER 00604nam a2200205K  4500
001 000000743-9
005 20020606090541.3
008 930921s1937    inu           000 0 eng d
035 0 $aocm83140856
040   $aFLL$cFLL
100 1 $aSnoddy, M. E.
245 10$aHow to plan and install a Nibco lawn spray system.
260   $aElkhart, Ind.,$bNorthern Indiana Brass Co.$cc1937.
300   $a47 p.$bphotos., plans, diagrs., cross-sections, tables.
490 0 $aA.I.A. file$vno. 38-H
650  0$aLawns$xIrrigation.
650  0$aSprinklers.
690  9$aWatering$xLawns.$5des
988   $a20020608
906   $0MH

