LEADER 00827cam a2200217Ia 4500
001 000000744-7
005 20020606090541.3
008 861105s1940    dcuae        f000 0 eng d
035 0 $aocm14636739
040   $aTTS$cTTS$dAGL$dFLL
072   $aP210
100 1 $aStaebner, F. E.
245 10$aSupplemental irrigation /$cby F.E. Staebner.
260   $aWashington, D.C. :$bU.S. Dept. of Agriculture,$c1940.
300   $a74 p. :$bill., plans ;$c23 cm.
490 1 $aFarmers' bulletin / United States Department of Agriculture ;$vno. 1846
500   $a"Supersedes Farmers' bulletin 1529, Spray irrigation in the Eastern states, and no. 1635, Surface irrigation in the Eastern states."
650  0$aIrrigation.
830  0$aFarmers' bulletin (United States. Department of Agriculture) ;$vno. 1846.
988   $a20020608
906   $0OCLC

