LEADER 00463nam a22001577u 4500
001 000000745-5
005 20020606090541.3
008 830217|1928    |||||||  |||| |0||||eng|d
035 0 $aocm77812581
245 00$aMunz spralawn keeps your grounds on dress parade.
260 0 $a[Detroit, Mich.] :$bMunz Spralawn Corp.,$c[1928?]
300   $a1 folded sheet (4 p.) :$bill. ;$c28 cm.
650  0$aSprinklers.
710 2 $aMunz Spralawn Corporation.
988   $a20020608
906   $0MH

