LEADER 00455nam a22001577u 4500
001 000000746-3
005 20080305102139.0
008 830217m19001940|||||||  |||| |0||||eng|d
035 0 $aocn232006635
245 04$aThe Munz system of landscape irrigation.
260 0 $aNew York, [N.Y.] :$bMunn & Munz,$c[19--?]
300   $a[10] p., 20 leaves of plates :$bill. ;$c14 x 18 cm.
650  0$aSprinkler irrigation.
710 2 $aMunn & Munz.
988   $a20020608
906   $0MH

