LEADER 00585nam a2200205K  4500
001 000000747-1
005 20020606090541.3
008 931207s1925    dcu          f000 0 eng d
035 0 $aocm71025703
040   $aFLL$cFLL
100 1 $aYerkes, Guy. E.
245 10$aPropagation by layers.
260   $aWashington,$bU.S. Dept. of Agriculture.$c[1925]
300   $a2 p.
490 0 $aUnited States. Dept. of Agriculture. Office of Horticultural Investigations
500   $aMar. 12, 1925.
650  0$aPlant propagation.
690  9$aPlants$xPropagation.$5des
988   $a20020608
906   $0MH

