LEADER 00797cam a2200229Ia 4500
001 000000748-X
005 20020606090541.3
008 870304s1923    dcua         f000 0 eng d
035 0 $aocm15265049
040   $aRQF$cRQF$dAGL$dFLL
072   $aF110
100 1 $aYerkes, Guy E.$q(Guy Eston),$d1880-
245 10$aBridge grafting /$cby Guy E. Yerkes.
260   $aWashington, D.C. :$bU.S. Dept. of Agriculture,$c1923.
300   $a20 p. :$bill. ;$c23 cm.
490 1 $aFarmers' bulletin / United States Department of Agriculture ;$vno. 1369
500   $a"This bulletin is a revision of and supersedes Farmers' bulletin 710."
650  0$aGrafting.
700 1 $aGould, H. P.
830  0$aFarmers' bulletin (United States. Department of Agriculture) ;$vno. 1369.
988   $a20020608
906   $0OCLC

