LEADER 00673nam a22001937u 4500
001 000000749-8
005 20090712065754.0
008 830217|1948    |||||||  |||| |0||||eng|d
035 0 $aocm55134388
100 1 $aWatkins, John V.$q(John Vertrees)
245 10$aPropagation of ornamental plants /$cby John V. Watkins.
260 0 $aGainsville, Fla. :$bUniv. of Florida, Agricultural Extension Service,$c1948.
300   $a44 p. :$bill., tables ;$c23 cm.
490 0 $aAgricultural Extension Service bulletin ;$v137
650  0$aPlants, Ornamental.
650  0$aPlant propagation.
710 2 $aUniversity of Florida.$bAgricultural Extension Service.
988   $a20020608
906   $0MH

