LEADER 00620nam a22001937u 4500
001 000000750-1
005 20080305102050.0
008 830217s19uu    |||||||  |||| |0||||eng|d
035 0 $aocn232006636
100 1 $aByrnes, J. Wise.
245 10$aTransplanting trees and shrubs /$by J. Wise Byrnes and Guy E. Yerkes.
260 0 $aWashington, [D.C.] :$bU.S. Dept. of Agriculture, Bureau of Plant Industry,$c[19--?]
300   $a4 p. ;$c27 cm.
650  0$aTree planting.
650  0$aShrubs.
700 1 $aYerkes, Guy E.$q(Guy Eston),$d1880-
710 1 $aUnited States.$bBureau of Plant Industry.
988   $a20020608
906   $0MH

