LEADER 00697nam a22001937u 4500
001 000000751-X
005 20020606090541.3
008 830217|1934    |||||||  |||| |0||||eng|d
035 0 $aocn187941636
100 1 $aGould, H. P.
245 10$aTransplanting large fruit trees /$cby H.P. Gould.
260 0 $a[Washington, D.C.] :$bU.S. Dept. of Agriculture, Agricultural Research Administration Bureau of Plant Industry, Soils, and Agricultural Engineering,$c[1934]
300   $a6 p. ;$c27 cm.
650  0$aFruit$xTransplanting.
650  0$aTree planting.
650  0$aFruit trees.
710 1 $aUnited States.$bBureau of Plant Industry, Soils, and Agricultural Engineering.
988   $a20020608
906   $0MH

