LEADER 00687nam a2200241K  4500
001 000000752-8
005 20050527112400.0
008 930723s1928    dcu          f000 0 eng d
035 0 $aocn187941650
040   $aFLL$cFLL
100 1 $aMulford, Furman Lloyd,$d1869-
245 10$aTransplanting evergreens.
260   $aWashington,$bU.S. Dept. of Agriculture.$c[1928]
300   $a2 p.
490 0 $aU.S. Dept. of Agriculture. Office of Horticutural Investigations
500   $aApril 1928.
650  0$aEvergreens.
650  0$aTree planting.
690  9$aEvergreens.$5des
690  9$aTree moving.$5des
690  9$aPlanting and transplanting.$5des
988   $a20020608
906   $0MH

