LEADER 00788cam a2200217Ia 4500
001 000000753-6
005 20050527112346.0
008 870402s1929    dcuab    b   f000 0 eng d
035 0 $aocm15476604
040   $aRQF$cRQF$dAGL$dFLL
100 1 $aMulford, Furman Lloyd,$d1869-
245 10$aTransplanting trees and shrubs /$cby Furman Lloyd Mulford.
260   $aWashington, D.C. :$bU.S. Dept. of Agriculture,$c1929.
300   $a34 p. :$bill., 2 maps ;$c23 cm.
490 1 $aFarmers' bulletin / United States Department of Agriculture ;$vno. 1591
504   $aIncludes bibliographical references.
650  0$aTrees$xTransplanting.
650  0$aShrubs$xTransplanting.
830  0$aFarmers' bulletin (United States. Department of Agriculture) ;$vno. 1591.
988   $a20020608
906   $0OCLC

