LEADER 00504nam a2200193K  4500
001 000000754-4
005 20020606090541.3
008 931014s1916    xxu           000 0 eng d
035 0 $aocm53042692
040   $aFLL$cFLL
100 1 $aThornber, W. S.
245 14$aThe transplanting of trees.
260   $bState College of Wash.$bU. S. Dept. of Agric.$c[1916]
300   $a1 p.
500   $aApril 1916.
650  0$aTree planting.
690  9$aPlanting and transplanting.$5des
988   $a20020608
906   $0MH

