LEADER 00651nam a22001817u 4500
001 000000755-2
005 20080305102126.0
008 830217s19uu    |||||||  |||| |0||||eng|d
035 0 $aocm82441116
245 00$aTransplanting and care of evergreens.
260 0 $a[Washington, D.C.?] :$bU.S. Dept. of Agriculture, Agricultural Research Administration, Bureau of Plant Industry, Soils, and Agricultural Engineering,$c[19--?]
300   $a3 p. ;$c27 cm.
650  0$aEvergreens.
650  0$aTree planting.
650  0$aTrees, Care of.
710 1 $aUnited States.$bBureau of Plant Industry, Soils, and Agricultural Engineering.
988   $a20020608
906   $0MH

