LEADER 00738nam a22002057u 4500
001 000000756-0
005 20020606090541.3
008 830217|1954    |||||||  |||| |0||||eng|d
035 0 $aocm81060416
100 1 $aKemmerer, H. R.
245 10$aTransplanting large trees /$cby H.R. Kemmerer.
260 0 $aIllinois :$bUniversity of Illinois, College of Agriculture,$c1954?
300   $a[2] p.$bill. ;$c28 cm.
490 0 $aLandscape gardening ;$vno. 15
500   $aPrepared in cooperation with the United States Department of Agriculture.
650  0$aTree planting.
710 1 $aUnited States.$bDepartment of Agriculture.
710 2 $aUniversity of Illinois (Urbana-Champaign campus).$bCollege of Agriculture.
988   $a20020608
906   $0MH

