LEADER 00511nam a2200193K  4500
001 000000757-9
005 20020606090541.3
008 930403s1965    enk           000 0 eng d
035 0 $aocm78938649
040   $aFLL$cFLL
110 2 $aCivic Trust.
245 10$aMoving big trees.
260   $aLondon,$bThe Baynard Press,$c1965.
300   $a24 p.$billus.
650  0$aTree planting$zGreat Britain.
690  9$aTrees$zGreat Britain.$5des
690  9$aTree moving$zGreat Britain.$5des
988   $a20020608
906   $0MH

