LEADER 00777nam a22002057u 4500
001 000000758-7
005 20020606090541.3
008 830217|1930    |||||||  |||| |0||||eng|d
035 0 $aocn187941673
100 1 $aBlackman, M. W.$q(Maulsby Willett),$d1876-1943.
245 10$aSome insect enemies of shade trees and ornamental shrubs /$cby M.W. Blackman and W.O. Ellis.
260 0 $aSyracuse, N.Y. :$bSyracuse University,$c[1930?]
300   $a123 p., 1 col. leaf of plates :$bill. ;$c22 cm.
490 0 $aBulletin of the New York State College of Forestry at Syracuse University ;$vv.16, no.26
650  0$aInsect pests.
650  0$aTrees, Care of.
700 1 $aEllis, W. O.
710 2 $aNew York State College of Forestry at Syracuse University.
988   $a20020608
906   $0MH

