LEADER 00677nam a22001937u 4500
001 000000759-5
005 20020606090541.3
008 830217|1897    |||||||  |||| |0||||eng|d
035 0 $aocm81555025
100 1 $aFernald, C. H.$q(Charles Henry),$d1838-1921.
245 14$aThe brown-tail moth /$c[C.H. Fernald and A.H. Kirkland]
260 0 $aAmherst, Mass. :$bMassachusetts Agricultural College,$c1897.
300   $a15 p., [2] leaves of plates :$bill. ;$c24 cm.
490 0 $aHatch Experiment Station special bulletin
650  0$aBrowntail moth.
700 1 $aKirkland, Archie Howard,$d1873-
710 2 $aMassachusetts Agricultural Experiment Station.
988   $a20020608
906   $0MH

