LEADER 00725nam a22002057u 4500
001 000000760-9
005 20131031144900.0
008 830217s1918    |||||||  |||| |0||||eng|d
035 0 $aocm83615359
100 1 $aGravatt, G. F.
245 10$aGipsy-moth larvae as agents in dissemination of the white-pine blister rust /$cby G. Flippo Gravatt and G.B. Posey.
260 0 $aWashington, [D.C.] :$bG.P.O.,$c1918.
300   $ap. 459-462 ;$c26 cm.
500   $aReprinted from: Journal of agricultural research, Vol.12, no.7, (1918)
650  0$aGypsy moth.
650  0$aWhite pine$xDiseases and pests.
650  0$aInsect-plant relationships.
700 1 $aPosey, G. B.$q(Gilbert Bradley),$d1891-1980.
988   $a20020608
906   $0MH

