LEADER 00816cam a2200241Ia 4500
001 000000761-7
005 20020606090541.3
008 870911s1930    dcua     b   f000 0 eng d
035 0 $aocm16669284
040   $aRQF$cRQF$dAGL$dFLL
072   $aF110$aF821
100 1 $aHallock, H. C.$q(Harold Coleman),$d1891-
245 14$aThe Asiatic beetle, a serious pest in lawns /$cby H.C. Hallock.
260   $aWashington, D.C. :$bU.S. Dept. of Agriculture,$c1930.
300   $a8 p. :$bill. ;$c23 cm.
490 1 $aCircular / United States Department of Agriculture ;$vno. 117
500   $aCaption title.
504   $aBibliography: p. 6-7.
650  0$aAsiatic beetle.
650  0$aLawns$xDiseases and pests.
830  0$aCircular (United States. Department of Agriculture) ;$vno. 117.
988   $a20020608
906   $0OCLC

