LEADER 00857cam a2200241Ia 4500
001 000000762-5
005 20020606090541.3
008 920526s1939    nju          s000 0 eng d
035 0 $aocm25883777
040   $aRQF$cRQF$dAGL$dFLL
043   $an-us-nj
072   $aF821
100 1 $aHamilton, Clyde C.$q(Clyde Carney),$d1890-
245 10$aControl of the Japanese beetle on ornamental plants /$cClyde C. Hamilton.
260   $aNew Brunswick, N.J. :$bNew Jersey Agricultural Experiment Station,$c1939.
300   $a[4] p. ;$c23 cm.
490 1 $aCircular / New Jersey Agricultural Experiment Station ;$v387
500   $aCaption title.
650  0$aPlants, Ornamental$xDiseases and pests$zNew Jersey.
650  0$aJapanese beetle$zNew Jersey.
830  0$aCircular (New Jersey Agricultural Experiment Station) ;$v387.
988   $a20020608
906   $0OCLC

