LEADER 00727nam a22001937u 4500
001 000000763-3
005 20020606090541.3
008 830217|1897    |||||||  |||| |0||||eng|d
035 0 $aocm84412895
100 1 $aHoward, L. O.$q(Leland Ossian),$d1857-1950.
245 14$aThe gipsy moth in America :$ba summary account of the introduction and spread of porthetria dispar in Massachusetts ... /$cby L.O. Howard.
260 0 $aWashington, [D.C.] :$bG.P.O.,$c1897.
300   $a39 p. ;$c25 cm.
490 0 $aU.S. Dept. of Agriculture, Division of Entomology bulletin ;$v11
650  0$aGypsy moth$zUnited States.
650  0$aGypsy moth$zMassachusetts.
710 1 $aUnited States.$bDivision of Entomology.
988   $a20020608
906   $0MH

