LEADER 00972cam a2200265Ia 4500
001 000000764-1
005 20020606090541.3
008 890614s1908    nhuab    bl  s000 0 eng d
035 0 $aocm19870296
040   $aRQF$cRQF$dAGL$dFLL
043   $an-us-nh
072   $aF821
100 1 $aSanderson, Ezra Dwight,$d1878-
245 14$aThe gipsy and brown tail moths in New Hampshire /$cby E. Dwight Sanderson.
260   $aDurham :$bNew Hampshire Agricultural Experiment Station, New Hampshire College of Agriculture and the Mechanic Arts,$c1908.
300   $ap. [93]-156 :$bill., maps ;$c23 cm.
490 1 $aBulletin / New Hampshire Agricultural Experiment Station ;$v136
500   $aCover title.
500   $aIncludes legislation.
504   $aBibliography: p. 153.
650  0$aBrowntail moth$zNew Hampshire.
650  0$aGypsy moth$zNew Hampshire.
830  0$aBulletin (New Hampshire Agricultural Experiment Station) ;$v136.
988   $a20020608
906   $0OCLC

