LEADER 00575nam a2200217K  4500
001 000000765-X
005 20020606090541.3
008 931123s1926    xxu           000 0 eng d
035 0 $aocm79955774
040   $aFLL$cFLL
100 1 $aWeigel, C. A.$q(Charles Adolph)
245 10$aInsect pests of our garden plants and their control.
260   $bAmerican Horticultural Soc.$c[1926]
300   $a12 p.
440  0$aBulletin$vno. 3
500   $aApril 1926.
650  0$aInsect pests.
650  0$aGarden pests.
690  9$aInsect pests.$5des
988   $a20020608
906   $0MH

