LEADER 00871nam a22002297u 4500
001 000000766-8
005 20020606090541.3
008 830217|1917    |||||||  |||| |0||||eng|d
035 0 $aocn819320799
035 0 $aocm84029542
245 00$aControl of the gipsy moth by forest management.
260 0 $aWashington, [D.C.] :$bG.P.O.,$c1917.
300   $a54 p. :$bfolded col. map, tables ;$c24 cm.
490 1 $aU.S. Dept. of Agriculture bulletin ;$vno. 484
505 0 $aPart I. The gipsy moth in woods / G.E. Clement -- Part II. Management of typical woodlots infested with the gipsy moth in the white-pine region / Willis Munro.
650  0$aGypsy moth.
700 1 $aClement, G. E.
700 1 $aMunro, Willis.
710 1 $aUnited States.$bDepartment of Agriculture.
830  0$aBulletin of the U.S. Department of Agriculture ;$vno. 484.
988   $a20020608
906   $0MH

