LEADER 00666nam a22001817u 4500
001 000000767-6
005 20020606090541.3
008 830217|1905    |||||||  |||| |0||||eng|d
035 0 $aocm81720641
245 04$aThe Gypsy and brown-tail moths.
260 0 $aBoston, [Mass.] :$bCommonwealth of Massachusetts,$c1905.
300   $a27 p., [8] leaves of plates ;$bill. ;$c24 cm.
490 0 $aOffice of the Superintendent for Suppressing the Gypsy and Brown-tail Moths bulletin ;$vno. 1
650  0$aBrowntail moth.
650  0$aGypsy moth.
710 1 $aMassachusetts.$bOffice of the Superintendent for Suppressing the Gypsy and Brown-tail Moths.
988   $a20020608
906   $0MH

