LEADER 00680nam a22001817u 4500
001 000000769-2
005 20020606090541.3
008 830217|1908    |||||||  |||| |0||||eng|d
035 0 $aocm81348184
245 00$aInformation concerning imported predaceous beetles.
260 0 $aBoston, [Mass.] :$bCommonwealth of Massachusetts,$c1908.
300   $a5 p., [6] leaves of plates :$bill. ;$c23 cm.
490 0 $aOffice of the Superintendent for Suppressing the Gypsy and Brown-tail Moths bulletin ;$vno. 3
650  0$aBeetles.
650  0$aInsect pests.
710 1 $aMassachusetts.$bOffice of the Superintendent for Suppressing the Gypsy and Brown-tail Moths.
988   $a20020608
906   $0MH

