LEADER 00538nam a2200193K  4500
001 000000770-6
005 20020606090541.3
008 870406s1905    maua          000 0 eng d
035 0 $aocm15494975
040   $aTRN$cTRN$dFLL
090   $aSB945.B9$bM4
130 0 $aMedford (Mass.) Mercury.
245 10$aIllustrations of the ravages of the gypsy and brown tail moths.
260   $a[Medford]$bMedford Mercury,$c1905.
300   $aunpaged.$billus.$c27 cm.
650  0$aBrowntail moth.
650  0$aGypsy moth.
988   $a20020608
906   $0OCLC

