LEADER 00741nam a2200241K  4500
001 000000771-4
005 20020606090541.3
008 930405s1948    wau           000 0 eng d
035 0 $aocm84061184
040   $aFLL$cFLL
100 1 $aBrannon, David.
245 10$aInsect and disease control for your garden.
260   $aPullman, Washington.$bState College. Extension Service.$c1948.
300   $a1 folder.$btables.
490 1 $aExtension circular$v122
650  0$aGarden pests.
650  0$aPlant diseases.
690  9$aPlants$xDiseases & pests.$5des
690  9$aInsect pests.$5des
700 1 $aHarris, M. R.
830  0$aExtension circular (State College of Washington. Extension Service) ;$v122.
988   $a20020608
906   $0MH

