LEADER 00685cam a2200229   4500
001 000000772-2
005 20020606090541.3
008 750523s1969    flu      b    000 0 eng  
010   $a   75304456 //r87
035 0 $aocm01500460
040   $aDLC$cDLC$dFLL
043   $aaw-----
050 0 $aZ5858.L7$bJ38
082   $a016.5957/26
100 1 $aJay, Donald.
245 10$aAnnotated bibliography on locusts in southwestern Asia.$cEdited by Henry Field.
260   $aMiami, Fla.,$bField Research Projects,$c1969.
300   $aii, 29 p.$c28 cm.
650  0$aLocusts$zMiddle East$vBibliography.
650  0$aLocusts$xControl$zMiddle East$vBibliography.
988   $a20020608
906   $0DLC

