LEADER 00852nam a22001937u 4500
001 000000773-0
005 20020606090541.3
008 830303|1970    |||||||  |||| |0||||eng|d
035 0 $aocm81811376
245 00$aInstitutions for effective management of the environment :$breport of the Environmental Study Group to the Environmental Studies Board of the National Academy of Sciences [and] National Academy of Engineering; part I.
260 0 $aWashington, D.C. :$bThe Academies,$c1970.
300   $a62 p. ;$c23 cm.
650  0$aEnvironmental protection$xManagement.
710 2 $aNational Academy of Sciences (U.S.)
710 2 $aNational Academy of Engineering.
710 2 $aNational Research Council (U.S.).$bEnvironmental Studies Board.$bEnvironmental Study Group.
730 0 $aPeter S. Thacher Environment Collection$5env
988   $a20020608
906   $0MH

