LEADER 00784nam a22001817u 4500
001 000000774-9
005 20020606090541.3
008 830303|1970    |||||||  |||| |0||||eng|d
035 0 $aocn187941707
245 00$aEnvironmental problems in South Florida :$breport of the Environmental Study Group to the Environmental Studies Board of the National Academy of Sciences [and] National Academy of Engineering ; part II.
260 0 $aWashington, D.C. :$bThe Academies,$c1970.
300   $a76 p. :$bmaps ;$c23 cm.
650  0$aEnvironmental protection$zFlorida.
710 2 $aNational Academy of Sciences (U.S.)
710 2 $aNational Academy of Engineering.
710 2 $aNational Research Council (U.S.).$bEnvironmental Studies Board.$bEnvironmental Studies Group.
988   $a20020608
906   $0MH

