LEADER 00882nam a22002297u 4500
001 000000775-7
005 20090712065754.0
008 830303|1956    |||||||  |||| |0||||eng|d
035 0 $aocm23632444
100 1 $aPeperzak, Paul.
245 10$aCorrelation of selected soil indices with plant growth on highway backslopes /$cby Paul Peperzak.
260 0 $aIowa :$bIowa Agricultural Experiment Station,$c1956.
300   $a130 p. :$btables (some folded) ;$c24 cm.
490 0 $aIowa Highway Research Board bulletin ;$vno. 10
500   $aPrepared in cooperation with the Iowa State Highway commission and the Bureau of Public Roads.
650  0$aSoil fertility.
710 1 $aIowa.$bHighway Research Board.
710 2 $aIowa Agricultural Experiment Station.
710 1 $aIowa.$bHighway Commission.
710 1 $aUnited States.$bBureau of Public Roads.
988   $a20020608
906   $0MH

