LEADER 00606nam a22001937u 4500
001 000000776-5
005 20020606090541.3
008 830303|1934    |||||||  |||| |0||||eng|d
035 0 $aocm83615361
100 1 $aTukey, Harold Bradford,$d1896-
245 10$aPlant propagation /$c[H.B. Tukey]
260 0 $aGeneva, N.Y. :$bN.Y. State Agricultural Experiment Station,$c[1934]
300   $a24 p. :$bill. ;$c22 cm.
490 0 $aExperiment Station circular ;$vno. 138
500   $aReprinted.
650  0$aPlant propagation.
710 2 $aNew York State Agricultural Experiment Station.
988   $a20020608
906   $0MH

