LEADER 00716nam a22001937u 4500
001 000000777-3
005 20020606090541.3
008 830303|1958    |||||||  |||| |0||||eng|d
035 0 $aocn187941730
245 00$aTransplanting of trees and shrubs in the Northeastern and North Central United States /$cprepared by the National Shade Tree Conference and National Arborist Association.
250   $aRev.
260 0 $aWooster, Ohio :$bThe Conference :$bThe Association,$c1958.
300   $a73 p. :$bill., tables ;$c23 cm.
650  0$aTree planting$zUnited States.
650  0$aShrubs$zUnited States.
710 2 $aNational Shade Tree Conference.
710 2 $aNational Arborist Association.
988   $a20020608
906   $0MH

