LEADER 00718nam a22002177u 4500
001 000000778-1
005 20020606090541.3
008 830303|1942    |||||||  |||| |0||||eng|d
035 0 $aocm78506711
100 1 $aGregg, O. I.
245 10$aPruning and care of ornamental woody plants /$cO.I. Gregg.
250   $a1st rev.
260 0 $a[East Lansing, Mich. :$bMichigan State College, Extension Division,$c1942]
300   $a23 p. :$bill. ;$c23 cm.
490 0 $aExtension bulletin ;$v172
500   $aCover title: Pruning and care of ornamental trees and shrubs.
650  0$aOrnamental woody plants.
650  0$aTrees, Care of.
710 2 $aMichigan State College.$bExtension Division.
988   $a20020608
906   $0MH

