LEADER 00741nam a2200217Ia 4500
001 000000779-X
005 20020606090541.3
008 920715s1916    moua         s000 0 eng d
035 0 $aocm26187734
040   $aRQF$cRQF$dFLL
072   $aF110
100 1 $aMajor, H. F.$q(Horace Fairchild)
245 10$aPruning shade trees /$cH.F. Major.
260   $aColumbia, Mo. :$bUniversity of Missouri, Agricultural Experiment Station,$c1916.
300   $a6 p. :$bill. ;$c23 cm.
490 1 $aCircular / University of Missouri, Agricultural Experiment Station ;$v81
500   $aCaption title.
650  0$aShade trees$xPruning.
830  0$aCircular (University of Missouri. Agricultural Experiment Station) ;$v81.
988   $a20020608
906   $0OCLC

