LEADER 00731nam a22002297u 4500
001 000000780-3
005 20020606090541.3
008 830303|1942    |||||||  |||| |0||||eng|d
035 0 $aocm80169734
100 1 $aMarshall, Roy Edgar,$d1890-1966.
245 10$aPruning young fruit trees /$cRoy E. Marshall, H.A. Cardinell and H.D. Hootman.
250   $a1st rev.
260 0 $aEast Lansing, Mich. :$bMichigan State College, Extension Division,$c1942.
300   $a37 p. :$bill., table ;$c23 cm.
490 0 $aExtension bulletin ;$v148
650  0$aFruit trees.
650  0$aPruning.
700 1 $aCardinell, H. A.
700 1 $aHootman, H. D.
710 2 $aMichigan State College.$bExtension Division.
988   $a20020608
906   $0MH

