LEADER 00598nam a22001817u 4500
001 000000781-1
005 20020606090541.3
008 830303|1898    |||||||  |||| |0||||eng|d
035 0 $aocm77802219
100 1 $aSaunders, William,$d1836-1914.
245 10$aPruning of trees and other plants /$cby William Saunders.
260 0 $a[Washington, D.C.?] :$bU.S. Dept. of Agriculture,$c1898?]
300   $ap. 151-166 ;$c23 cm.
500   $aReprint from: Yearbook of Department of Agriculture for 1898.
650  0$aPruning.
710 1 $aUnited States.$bDepartment of Agriculture.
988   $a20020608
906   $0MH

