LEADER 00594nam a22001817u 4500
001 000000782-X
005 20020606090541.3
008 830303|1934    |||||||  |||| |0||||eng|d
035 0 $aocm83615364
100 1 $aTeuscher, H.$q(Henry),$d1891-1984.
245 10$aHardiness in plants /$cHenry Teuscher.
260 0 $a[New York], N.Y. :$bNew York Botanical Garden,$c1934.
300   $a[27] p. in various pagings ;$c23 cm.
500   $aReprinted from: Journal of the New York botanical garden, vol. 35.
650  0$aPlants$xHardiness.
710 1 $aNew York Botanical Garden.
988   $a20020608
906   $0MH

