LEADER 00820cam a2200253Ia 4500
001 000000783-8
005 20020606090541.3
008 810122s1940    wiua         s001 0 eng d
035 0 $aocm07078586
040   $aWIH$cWIH$dFLL
050  4$aS129$b.A6 no.213
090   $aS129$b.A6 no.213
100 1 $aChambers, E. L.
245 10$aPests and diseases of trees and shrubs /$c[by E.L. Chambers and N.F. Thompson]
260   $aMadison, Wis. :$b[Wisconsin Dept. of Agriculture and Markets,$c1940]
300   $a87 p. :$bill. ;$c23 cm.
440  0$aWisconsin Department of Agriculture and Markets bulletin ;$vno. 213
500   $a"April, 1940".
500   $aWI docs no.: Agr.3:213
504   $aIndex: p. [85]-87.
650  0$aTrees$xDiseases and pests.
700 1 $aThompson, Noel F.
988   $a20020608
906   $0OCLC

