LEADER 00632nam a22001817u 4500
001 000000784-6
005 20020606090541.3
008 830303|1916    |||||||  |||| |0||||eng|d
035 0 $aocm79272437
100 1 $aFernald, H. T.$q(Henry Torsey),$d1866-1952.
245 14$aThe white pine blister rust /$cH.T. Fernald.
260 0 $aBoston, [Mass.] :$bMassachusetts State Board of Agriculture,$c1916.
300   $a4 p., [1] col. leaf of plates ;$c23 cm.
490 0 $aState nursery inspection bulletin ;$vno. 2
650  0$aWhite pine$xDiseases and pests.
710 1 $aMassachusetts.$bState Board of Agriculture.
988   $a20020608
906   $0MH

