LEADER 00749nam a22001937u 4500
001 000000785-4
005 20141218102507.0
008 830303|1896    |||||||  |||| |0||||eng|d
035 0 $aocm77303627
100 1 $aGalloway, B. T.
245 10$aDiseases of shade and ornamental trees /$cby B.T. Galloway and Albert F. Woods.
260 0 $a[Washington, D.C.] :$bU.S. Dept. of Agriculture, Division of Vegetable Physiology and Pathology,$c[1896?]
300   $ap. 237-254 :$bill. ;$c25 cm.
500   $aReprinted from: Yearbook of the dept. of agriculture for 1896.
650  0$aTrees$xDiseases and pests.
700 1 $aWoods, Albert Fred,$d1866-1948.
710 1 $aUnited States.$bDivision of Vegetable Physiology and Pathology.
988   $a20020608
906   $0MH

