LEADER 00688nam a2200217Ii 4500
001 000000786-2
005 20020606090541.3
008 770330s1937    nyua         s001 0 eng d
035 0 $aocm02848733
040   $aYGM$cYGM$dFLL
090   $aSB603$b.G7
100 1 $aGriswold, Grace H.$q(Grace Hall),$d1872-1946.
245 10$aCommon insects of the flower garden /$cGrace H. Griswold.
260   $aIthaca, N. Y. :$bNew York State College of Agriculture at Cornell University,$c1937.
300   $a59 p. :$bill. ;$c23 cm.
490 0 $aCornell extension bulletin ;$v371
500   $aIncludes index.
650  0$aBeneficial insects.
650  0$aInsect pests.
988   $a20020608
906   $0OCLC

