LEADER 00644nam a22001937u 4500
001 000000787-0
005 20020606090541.3
008 830303|1931    |||||||  |||| |0||||eng|d
035 0 $aocm77843162
100 1 $aMay, Curtis,$d1897-
245 14$aThe Dutch elm disease /$cby Curtis May.
260 0 $aWashington, D.C. :$bU.S. Dept. of Agriculture :$b[for sale by the Supt. of Docs., G.P.O.],$c1931.
300   $a10 p. :$bill. ;$c23 cm.
490 0 $aDept. of Agriculture circular ;$vno. 170
650  0$aDutch elm disease.
650  0$aTrees$xDiseases and pests.
710 1 $aUnited States.$bDepartment of Agriculture.
988   $a20020608
906   $0MH

