LEADER 00983cam a2200277Ia 4500
001 000000788-9
005 20020606090541.3
008 790824s1934    dcuab        f000 0 eng a
010   $aagr34000493 
035 0 $aocm05307143
040   $aDLC$cCLE$dAGL$dFLL
043   $an-us---
050   $aS21$b.A48 no. 322
072   $aF831
100 1 $aMay, Curtis,$d1897-
245 10$aOutbreaks of the Dutch elm disease in the United States /$cby Curtis May.
260   $aWashington, D.C. :$bU.S. Dept. of Agriculture,$c1934.
300   $a19 p. :$bill., 1 map ;$c23 cm.
490 1 $aCircular / United States Department of Agriculture ;$vno. 322
500   $aContribution from Bureau of Plant Industry.
500   $aSupersedes Circular no. 170, the Dutch elm disease.
650  0$aElm$xDiseases and pests$zUnited States.
650  0$aDutch elm disease$zUnited States.
830  0$aCircular (United States. Department of Agriculture) ;$vno. 322.
988   $a20020608
906   $0DLC

