LEADER 00657nam a2200217K  4500
001 000000789-7
005 20130211165349.0
008 930717s1950    mau           000 0 eng d
035 0 $aocm83937247
040   $aFLL$cFLL
100 1 $aMcKenzie, Malcolm A.$q(Malcolm Arthur),$d1903-
245 10$aWhat can I do to protect my elms?
260   $aBoston,$bMassachusetts Forest and Park Association.$c1950.
300   $a[4] p.$bphotos.
440  0$aBulletin ;$vno. 172
650  0$aDutch elm disease.
650  0$aTrees$xDiseases and pests.
690  9$aTrees$xDiseases & pests.$5des
700 1 $aBecker, William Bernard,$d1909-
988   $a20020608
906   $0MH

