LEADER 00669nam a2200193Ki 4500
001 000000790-0
005 20110414143842.0
008 860528s1940    caua          000 0 eng d
035 0 $aocm13653368
040   $aGZD$cGZD$dFLL
100 1 $aSmith, Ralph E.$q(Ralph Eliot),$d1874-1953.
245 10$aDiseases of flowers and other ornamentals /$cby Ralph E. Smith.
260   $aBerkeley, Calif. :$bCollege of Agriculture, University of California,$c1940.
300   $a108 p. :$bill.
490 0 $aUniversity of California. College of Agriculture. Agriculture extension service ;$vCircular 118
650  0$aPlant diseases.
650  0$aFlowers.
988   $a20020608
906   $0OCLC

