LEADER 00683nam a22001937u 4500
001 000000791-9
005 20020606090541.3
008 830303|1938    |||||||  |||| |0||||eng|d
035 0 $aocm80871581
100 1 $aThies, Wilbur H.
245 10$aSpraying and dusting fruit trees /$c[Wilbur H. Thies ... [et al.]]
260 0 $aAmherst,[Mass.] :$bMassachusetts State College, Extension Service,$c1938.
300   $a28 p. :$bill., tables ;$c23 cm.
490 0 $aExtension Service leaflet ;$v178
650  0$aSpraying and dusting in agriculture.
650  0$aFruit trees.
710 2 $aUniversity of Massachusetts (Amherst campus).$bCooperative Extension Service.
988   $a20020608
906   $0MH

