LEADER 00777cam a2200229Ia 4500
001 000000792-7
005 20020606090541.3
008 870226s1940    dcua         f000 0 eng d
035 0 $aocm15244545
040   $aRQF$cRQF$dAGL$dFLL
072   $aF831$aF822
100 1 $aTullis, E. C.
245 10$aDiseases of rice /$c[by E.C. Tullis].
260   $aWashington, D.C. :$bU.S. Dept. of Agriculture,$c1940.
300   $a18 p. :$bill. ;$c23 cm.
490 1 $aFarmers' bulletin / United States Department of Agriculture ;$vno. 1854
500   $aCover title.
500   $a"Contribution from the Bureau of Plant Industry."
650  0$aRice$xDiseases and pests.
830  0$aFarmers' bulletin (United States. Department of Agriculture) ;$vno. 1854.
988   $a20020608
906   $0OCLC

