LEADER 00594nam a22001817u 4500
001 000000793-5
005 20020606090541.3
008 830303|1934    |||||||  |||| |0||||eng|d
035 0 $aocm78002019
245 04$aThe Dutch elm disease :$ba serious menace to our American elms.
260 0 $aBoston, [Mass.] :$bMassachusetts Forest and Park Association,$c[1934]
300   $a8 p. :$bill. ;$c23 cm.
490 0 $aAssociation bulletin ;$vno. 154
650  0$aTrees$xDiseases and pests.
650  0$aDutch elm disease.
710 2 $aMassachusetts Forest and Park Association.
988   $a20020608
906   $0MH

