LEADER 01378cam a2200301Ia 4500
001 000000794-3
005 20020606090541.3
008 870429s1934    dcu          f000 0 eng d
035 0 $aocm15608162
040   $aRQF$cRQF$dAGL$dFLL
043   $an-us---
050  4$aS21$b.A46 no.189
072   $aE700$aD500
100 1 $aFracker, S. B.$q(Stanley Black),$d1889-
245 10$aSynopsis of federal plant quarantines affecting interstate shipments in effect January 1, 1934 /$cby S.B. Fracker, R.A. Sheals, and M.A. Thompson.
260   $aWashington, D.C. :$bU.S. Dept. of Agriculture,$c1934.
300   $a135 p. ;$c17 cm.
490 1 $aMiscellaneous publication / United States Department of Agriculture ;$vno. 189
500   $aCaption title.
500   $a"Issued February 1934."
650  0$aPlant quarantine$zUnited States.
650  0$aFarm produce$xTransportation$xLaw and legislation$zUnited States.
700 1 $aSheals, R. A.$q(Ralph Augustus),$d1893-
700 1 $aThomnpson, Maude A.,$d1882-
776 08$iOnline version:$aFracker, S.B. (Stanley Black), 1889-$tSynopsis of federal plant quarantines affecting interstate shipments in effect January 1, 1934.$dWashington, D.C. : U.S. Dept. of Agriculture, 1934$w(OCoLC)779704019
830  0$aMiscellaneous publication (United States. Department of Agriculture) ;$vno. 189.
988   $a20020608
906   $0OCLC

