LEADER 00596nam a22001697u 4500
001 000000795-1
005 20020606090541.3
008 830303|1932    |||||||  |||| |0||||eng|d
035 0 $aocm81395334
245 00$aCommonwealth of Australia :$bplant quarantine restrictions /cUnited States Department of Agriculture, Plant Quarantine and Control Administration.
250   $aRev.
260 0 $aWashington, D.C. :$bThe Dept.,$c1932.
300   $a11 p. ;$c27 cm.
650  0$aPlant quarantine$zAustralia.
710 1 $aUnited States.$bPlant Quarantine and Control Administration.
988   $a20020608
906   $0MH

