LEADER 00549nam a22001577u 4500
001 000000796-X
005 20020606090541.3
008 830303|1932    |||||||  |||| |0||||eng|d
035 0 $aocm81561778
245 00$aCuba :$bplant quarantine restrictions /$cUnited States Department of Agriculture, Plant Quarantine and Control Administration.
260 0 $aWashington, D.C. :$bThe Dept.,$c1932.
300   $a8 p. ;$c27 cm.
650  0$aPlant quarantine$zCuba.
710 1 $aUnited States.$bPlant Quarantine and Control Administration.
988   $a20020608
906   $0MH

