LEADER 00555nam a22001577u 4500
001 000000798-6
005 20020606090541.3
008 830303|1931    |||||||  |||| |0||||eng|d
035 0 $aocm80821752
245 00$aDenmark :$bplant quarantine restrictions /$cUnited States Department of Agriculture, Plant Quarantine and Control Administration.
260 0 $aWashington, D.C. :$bThe Dept.,$c1931.
300   $a3 p. ;$c27 cm.
650  0$aPlant quarantine$zDenmark.
710 1 $aUnited States.$bPlant Quarantine and Control Administration.
988   $a20020608
906   $0MH

