LEADER 00555nam a22001577u 4500
001 000000799-4
005 20020606090541.3
008 830303|1930    |||||||  |||| |0||||eng|d
035 0 $aocm83217626
245 00$aGermany :$bplant quarantine restrictions /$cUnited States Department of Agriculture, Plant Quarantine and Control Administration.
260 0 $aWashington, D.C. :$bThe Dept.,$c1930.
300   $a7 p. ;$c27 cm.
650  0$aPlant quarantine$zGermany.
710 1 $aUnited States.$bPlant Quarantine and Control Administration.
988   $a20020608
906   $0MH

