LEADER 00699nam a22001697u 4500
001 000000800-1
005 20020606090541.3
008 830303|1931    |||||||  |||| |0||||eng|d
035 0 $aocm83305540
245 00$aPlant quarantine restrictions :$bEngland, Wales, Scotland, Northern Ireland, the Channel Islands (States of Jersey) and the Irish Free State /$cUnited States Department of Agriculture, Plant Quarantine and Control Administration.
260 0 $aWashington, D.C. :$bThe Dept.,$c1931.
300   $a21 p. ;$c27 cm.
650  0$aPlant quarantine$zGreat Britain.
650  0$aPlant quarantine$zIreland.
710 1 $aUnited States.$bQuarantine and Control Administration.
988   $a20020608
906   $0MH

