LEADER 00634nam a22001817u 4500
001 000000801-X
005 20020606090541.3
008 830303|1932    |||||||  |||| |0||||eng|d
035 0 $aocm81555033
245 00$aEuropean corn-borer quarantine /$cUnited States Dept. of Agriculture, Plant Quarantine and Control Administration.
260 0 $a[Washington, D.C.] :$bThe Dept.,$c1932.
300   $a10 p. :$bmap ;$c23 cm.
490 0 $aQuarantine ;$vno. 43
500   $aRevision of regulations.
650  0$aPlant quarantine$zUnited States.
710 1 $aUnited States.$bPlant Quarantine and Control Administration.
988   $a20020608
906   $0MH

