LEADER 00803cam a2200277M  4500
001 000000802-8
005 20020606090541.3
008 871027s1955    nyu           000 0 eng u
035 0 $aocm16703860
035 0 $aocm19423627
040   $cMNP$dFLL
050  4$aSB603.5$b.H35
110 1 $aBrooklyn Botanic Garden.
245 10$aHandbook on pests and diseases.
260   $aBrooklyn :$b[s.n.],$cc1955.
300   $a95 p. ;$c23 cm.
490 0 $aSpecial printing of Plants & Gardens ;$vv. 11, no. 1
490 0 $aBrooklyn Botanic Garden record
650  0$aGarden pests.
650  0$aPlant diseases.
700 1 $aWestcott, Cynthia,$d1898-1983.
700 1 $aNelson, Peter K.
710 2 $aBrooklyn Botanic Garden.
830  0$aPlants and gardens ;$vv. 11, no. 1.
988   $a20020608
906   $0MH

