LEADER 00628nam a22002057u 4500
001 000000803-6
005 20020606090541.3
008 830303|1949    |||||||  |||| |0||||eng|d
035 0 $aocm85197550
100 1 $aDimond, A. E.
245 10$aCombating the Dutch elm disease /$cA.E. Dimond and G.H. Plumb.
250   $aRev.
260 0 $aNew Haven, Conn. :$bConnecticut Agricultural Experiment Station,$c1949.
300   $a6 p. (some folded) ;$c23 cm.
500   $a"Special bulletin."
650  0$aDutch elm disease.
700 1 $aPlumb, G. H.
710 2 $aConnecticut Agricultural Experiment Station.
988   $a20020608
906   $0MH

