LEADER 01016cam a2200253Ia 4500
001 000000804-4
005 20020606090541.3
008 890724s1955    riua     b   s000 0 eng d
035 0 $aocm20059169
040   $aRQF$cRQF$dAGL$dFLL
072   $aF831
100 1 $aShurtleff, Malcolm C.
245 10$aControl of turf brown patch /$cMalcolm C. Shurtleff, Jr.
260   $aKingston, R.I. :$bAgricultural Experiment Station, University of Rhode Island,$c1955.
300   $a25 p. :$bill. ;$c23 cm.
490 1 $aBulletin / University of Rhode Island, Agricultural Experiment Station ;$v328
490 1 $aContribution / University of Rhode Island, Agricultural Experiment Station ;$v862
500   $aCover title.
504   $aBibliography: p. 25.
650  0$aTurfgrasses$xDiseases and pests.
830  0$aContribution (University of Rhode Island. Agricultural Experiment Station) ;$v862.
830  0$aBulletin (University of Rhode Island. Agricultural Experiment Station) ;$v328.
988   $a20020608
906   $0OCLC

