LEADER 00622nam a22001817u 4500
001 000000805-2
005 20020606090541.3
008 830303|1952    |||||||  |||| |0||||eng|d
035 0 $aocm79650617
245 00$aControl of Dutch and elm phloem necrosis.
260 0 $a[Washington, D.C.] :$bU.S. Dept. of Agriculture, Agricultural Research Administration,$c1952.
300   $a11 p. :$bill., maps ;$c20 cm.
490 0 $aDept. of Agriculture leaflet ;$vno. 329
650  0$aDutch elm disease.
650  0$aTrees$xDiseases and pests.
710 1 $aUnited States.$bAgricultural Research Administration.
988   $a20020608
906   $0MH

