LEADER 00892nam a2200241I  4500
001 000000806-0
005 20090712065757.0
008 910903s1948    caua         s000 0 eng c
010   $aa  49002736 
035 0 $aocm24322780
040   $aCalifornia. Univ. Libr.$cCLU$dCLU$dFLL
050 1 $aS39$b.C4 no.146
100 1 $aMichelbacher, A. E.$q(Abe Ezra),$d1899-1991.
245 10$aRidding the garden of common pests$c[by] A.E. Michelbacher and E.O. Essig.
260   $aBerkeley,$bCollege of Agriculture, Univ. of California,$c1948.
300   $a39 p.$billus.$c24 cm.
490 1 $aCalifornia Agricultural Extension Service. Circular ;$v146
650  0$aBeneficial insects.
650  0$aInsect pests.
700 1 $aEssig, E. O.$q(Edward Oliver),$d1884-$ejoint author.
830  0$aCircular (University of California Agricultural Extension Service) ;$v146.
988   $a20020608
906   $0OCLC

