LEADER 00592nam a22001817u 4500
001 000000807-9
005 20020606090541.3
008 830303|1919    |||||||  |||| |0||||eng|d
035 0 $aocm82300050
245 01$a"Friend" power sprayers :$bmade large, medium and small; a size for every man who sprays.
250   $a2nd ed.
260 0 $aGasport, N.Y. :$b"Friend" Manufacturing Co.,$c[1919?]
300   $a1 folded sheet (4 p.) :$bill. ;$c23 cm.
490 0 $a"Friend" Mfg. Co. bulletin ;$vA20
650  0$aSpraying equipment.
710 2 $aFriend Manufacturing Company.
988   $a20020608
906   $0MH

