LEADER 00553nam a22001817u 4500
001 000000808-7
005 20020606090541.3
008 830303|1923    |||||||  |||| |0||||eng|d
035 0 $aocm79650663
100 1 $aPratt, B. G.
245 10$aSpraying the home garden :$ba short treatise on insects and diseases ... /$cby B.G. Pratt.
250   $a2nd rev. ed.
260 0 $a[Naperville, Ill.] :$bB.G. Pratt Co. ;$cc1923.
300   $a27 p. ;$c16 cm.
650  0$aSpraying and dusting in agriculture.
710 2 $aB.G. Pratt Company.
988   $a20020608
906   $0MH

