LEADER 00557nam a22001577u 4500
001 000000809-5
005 20110323170424.0
008 830303|1963    |||||||  |||| |0||||eng|d
035 0 $aocn187941821
245 00$aUse of pesticides :$ba report of the President's Science Advisory Committee.
260 0 $aWashington, D.C. :$bThe White House :$bfor sale by the Supt. of Docs., G.P.O.,$c1963.
300   $a25 p. :$bcharts ;$c24 cm.
650  0$aPesticides$zUnited States.
710 1 $aUnited States.$bPresident's Science Advisory Committee.
988   $a20020608
906   $0MH

