LEADER 00581nam a2200181K  4500
001 000000810-9
005 20020606090541.3
008 930525s1940    dcu          f000 0 eng d
035 0 $aocm83760857
040   $aFLL$cFLL
100 1 $aEvans, R. M.
245 14$aThe seed trade's interest in conservation;$caddress before the American Seed Trade Association meeting at Chicago, Ill. ... January 15, 1940.
260   $aWashington,$bU.S. Dept. of Agriculture,$c1940.
300   $a10 p.
650  0$aSeed industry and trade.
690  9$aNurseries (Plant)$5des
988   $a20020608
906   $0MH

