LEADER 00681nam a22001817u 4500
001 000000811-7
005 20020606090541.3
008 830303|1939    |||||||  |||| |0||||eng|d
035 0 $aocm79096792
100 1 $aKelsey, Harlan P.
245 10$aGovernment competition against the nursery industry in Massachusetts /$cHarlan P. Kelsey.
260 0 $a[S.l.] :$bFlorists Exchange and Horticultural Trade World,$c1939.
300   $a[1] p. ;$c31 cm.
500   $aReprinted from: Florists exchange and horticultural trade world, December 16, 1939.
650  0$aNurseries (Horticulture)$zUnited States.
730 0 $aFlorists Exchange and horticultural trade world.
988   $a20020608
906   $0MH

