LEADER 00584nam a22001817u 4500
001 000000812-5
005 20020606090541.3
008 830303|1926    |||||||  |||| |0||||eng|d
035 0 $aocm71024465
100 1 $aMorrison, B. Y.$q(Benjamin Yoe),$d1891-1966.
245 10$aGreenhouse culture of orchids /$cby B.Y. Morrison.
260 0 $a[LWashington, D.C.] :$bU.S. Dept. of Agriculture, Bureau of Plant Industry,$c[1926]
300   $a2 p. ;$c27 cm.
650  0$aGreenhouse gardening.
650  0$aOrchids.
710 1 $aUnited States.$bBureau of Plant Industry.
988   $a20020608
906   $0MH

