LEADER 00675nam a22001937u 4500
001 000000813-3
005 20020606090541.3
008 830303|1930    |||||||  |||| |0||||eng|d
035 0 $aocm77827220
100 1 $aSimmons, Thornton.
245 12$aA New England nursery-estate :$bthe Outpost establishment at Ridgefield, Conn., ... /$cby Thornton Simmons.
260 0 $a[S.l.] :$bAmerican Landscape Architect,$c[1930]
300   $a1 folded sheet (4 p.) :$bill. ;$c31 cm.
500   $aReprinted from: American landscape architect.
610 20$aOutpost Inn.
650  0$aNurseries (Horticulture)$zConnecticut.
730 0 $aAmerican landscape architect.
988   $a20020608
906   $0MH

