LEADER 00645nam a22001817u 4500
001 000000814-1
005 20020606090541.3
008 830303|1936    |||||||  |||| |0||||eng|d
035 0 $aocm79275205
245 00$aEighty years of growing 1856-1936 :$bcommemorating the eightieth anniversary of the Ferry-Morse Seed Co.
246 3 $a80 years of growing 1856-1936.
260 0 $aDetroit, [Mich.] ;$aSan Francisco, [Calif.] :$bFerry-Morse Seed Co.,$c1936.
300   $a37 p. :$bill. ;$c27 cm.
610 20$aFerry-Morse Seed Co.$xAnniversaries, etc.
650  0$aSeed industry and trade.
710 2 $aFerry-Morse Seed Company.
988   $a20020608
906   $0MH

