LEADER 00555nam a22001697u 4500
001 000000815-X
005 20020606090541.3
008 830303|1934    |||||||  |||| |0||||eng|d
035 0 $aocm77802221
245 02$aA Series of advertisements in behalf of better landscape work /$c[Henry Kohankie & Son]
260 0 $a[Painesville, Ohio :$bH. Kohankie & Son,$c1934?]
300   $a12 leaves :$bill. ;$c33 cm.
500   $aReprinted from: Your garden and home magazine.
650  0$aLandscape gardening.
710 2 $aHenry Kohankie & Son.
988   $a20020608
906   $0MH

