LEADER 00665nam a22002057u 4500
001 000000816-8
005 20020606090541.3
008 830303|1972    |||||||  |||| |0||||eng|d
035 0 $aocn187941878
245 00$aBog nature trail /$c[Trustees of Reservations]
260 0 $aAndover, Mass. :$bCharles W. Ward Reservation,$c[1972]
300   $a[12] p. :$bill. ;$c23 cm.
610 20$aBog Nature Trail (Mass.)
650  0$aNature trails$zMassachusetts$zAndover.
650  0$aBogs$zMassachusetts$zAndover.
710 2 $aTrustees of Reservations (Mass.)
710 2 $aCharles W. Ward Reservation (Mass.)
710 2 $aBog Nature Trail (Mass.)
988   $a20020608
906   $0MH

