LEADER 00620nam a2200193K  4500
001 000000817-6
005 20020606090541.3
008 930719s1920    mau           000 0 eng d
035 0 $aocm80700165
040   $aFLL$cFLL
110 2 $aMassachusetts Horticultural Society.$bExecutive Committee.
245 13$aAn appeal to every friend of American horticulture;$ba preliminary report.
260   $a[Boston,$bThe Society.]$c[1920]
300   $a[4] p.
650  0$aPlant quarantine$zUnited States.
650  0$aAgricultural laws and legislation$zUnited States.
690  9$aPlant quarantine.$5des
988   $a20020608
906   $0MH

