LEADER 00630nam a22001817u 4500
001 000000818-4
005 20020606090541.3
008 830303s1931    |||||||  |||| |0||||eng|d
035 0 $aocm80478260
100 1 $aStrong, Lee A.
245 10$aExplanation of provisions for entry of plants under quarantine 37 /$c[Lee A. Strong]
250   $aRev.
260 0 $aWashington, D.C. :$bU.S. Dept. of Agriculture, Plant Quarantine and Control Administration,$c[1931]
300   $a7 p. ;$c27 cm.
650  0$aPlant quarantine$zUnited States.
710 1 $aUnited States.$bPlant Quarantine and Control Administration.
988   $a20020608
906   $0MH

