LEADER 00553nam a22001577u 4500
001 000000819-2
005 20020606090541.3
008 830303|1923    |||||||  |||| |0||||eng|d
035 0 $aocm78619522
245 00$aFruit and vegetable quarantine :$bnotice of quarantine no.56, with regulations /$cUnited States Department of Agriculture, Federal Horticulture Board.
260 0 $a[Washington, D.C.] :$bThe Dept.,$c1923.
300   $a8 p. ;$c23 cm.
650  0$aPlant quarantine.
710 1 $aUnited States.$bFederal Horticultural Board.
988   $a20020608
906   $0MH

