LEADER 00609nam a22001697u 4500
001 000000820-6
005 20020606090541.3
008 830303|1932    |||||||  |||| |0||||eng|d
035 0 $aocm80769987
245 00$aJapanese-beetle quarantine :$bquarantine no.48 /$cUnited States Department of Agriculture Plant Quarantine and Control Administration.
260 0 $a[Washington, D.C.] :$bThe Dept.,$c1932.
300   $a12 p. :$bmap ;$c23 cm.
650  0$aPlant quarantine$zUnited States.
650  0$aJapanese beetle.
710 1 $aUnited States.$bPlant Quarantine and Control Administration.
988   $a20020608
906   $0MH

