LEADER 00689nam a22001697u 4500
001 000000821-4
005 20020606090541.3
008 830303|1918    |||||||  |||| |0||||eng|d
035 0 $aocm83326200
245 00$aNursery stock, plant, and seed quarantine :$bnotice of quarantine no.37, iwht regulations /$cUnited States Department of Agriculture, Office of the Secretary, Federal Horticulture Board.
260 0 $a[Washington, D.C.] :$bThe Dept.,$c[1918]
300   $a14 p. :$bforms ;$c23 cm.
500   $aIncludes a letter to Theodora Kimball from Lester Palmer.
650  0$aPlant quarantine$zUnited States.
710 1 $aUnited States.$bFederal Horticultural Board.
988   $a20020608
906   $0MH

