LEADER 00564nam a22001577u 4500
001 000000822-2
005 20020606090541.3
008 830303|1925    |||||||  |||| |0||||eng|d
035 0 $aocm79742439
245 00$aPlant quarantine policies and the public interest :$binformation and comment on a situation that dmands prompt, comprehensive, searching investigation.
260 0 $a[New York, N.Y. :$bA.T. De La Mare Co., Inc.,$c1925?]
300   $a11 p. ;$c26 cm.
650  0$aPlant quarantine$zUnited States.
710 2 $aA.T. De La Mare Company.
988   $a20020608
906   $0MH

