LEADER 00600nam a22001697u 4500
001 000000823-0
005 20020606090541.3
008 830303|1931    |||||||  |||| |0||||eng|d
035 0 $aocm77743792
245 00$aSatin-moth quarantine :$bquarantine no.53 /$cUnited States Department of Agriculture, Plant Quarantine and Control Administration.
260 0 $a[Washington, D.C.] :$bThe Dept.,$c1931.
300   $a7 p. :$bmaps ;$c23 cm.
650  0$aPlant quarantine$zUnited States.
650  0$aSatin moth.
710 1 $aUnited States.$bPlant Quarantine and Control Administration.
988   $a20020608
906   $0MH

