LEADER 00873cam a2200253Ia 4500
001 000000824-9
005 20020606090541.3
008 870918s1933    dcuab    bs  f000 0 eng d
035 0 $aocm16707661
040   $aRQF$cRQF$dAGL$dFLL
072   $aF821$aF110
100 1 $aBaker, Howard,$d1901-
245 14$aThe obscure scale on the pecan and its control /$cby Howard Baker.
260   $aWashington, D.C. :$bU.S. Dept. of Agriculture,$c1933.
300   $a20 p. :$bill., 1 map ;$c24 cm.
490 1 $aCircular / United States Department of Agriculture ;$vno. 295
500   $aCaption title.
500   $a"Contribution from Bureau of Entomology."
504   $aBibliography: p. 19.
650  0$aPecan$xDiseases and pests.
650  0$aScale insects$xControl.
830  0$aCircular (United States. Department of Agriculture) ;$vno. 295.
988   $a20020608
906   $0OCLC

