LEADER 00715nam a22001937u 4500
001 000000825-7
005 20090712065757.0
008 830303|1939    |||||||  |||| |0||||eng|d
035 0 $aocm16892655
100 1 $aHepting, George H.$q(George Henry),$d1907-
245 12$aA vascular wilt of the mimosa tree (albizzia julibrissin) /$cby George H. Hepting.
260 0 $aWashington, D.C. :$bUnited States Dept. of Agriculture,$c1939.
300   $a11 p. :$bill., table ;$c23 cm.
490 1 $aU.S. Dept. of Agriculture circular ;$vno.535
650  0$aSilk tree.
710 1 $aUnited States.$bDepartment of Agriculture.
830  0$aCircular (United States. Department of Agriculture) ;$vno. 535.
988   $a20020608
906   $0MH

