LEADER 01046nam a2200229Ia 4500
001 000000826-5
005 20020606090541.3
008 810319s1928    ctua          000 0 eng d
035 0 $aocm07239754
040   $aVXG$cVXG$dFLL
090   $aSB608.E5$bE97 1928x
245 04$aThe European elm disease :$ba compilation of the more important available information.
260   $aStamford, Conn. :$bF.A. Bartlett Tree Expert Co.,$c1928.
300   $a35 p. :$bill. ;$c24 cm.
490 1 $aBulletin / Bartlett Research Laboratories ;$vno. 1
505 0 $aThe twig wilt and the vascular disease of the elm / M.B. Schwarz -- Elm blight and its cause, Graphium ulmi Schwarz / H.W. Wollenweber -- The Dutch elm disease / Malcolm Wilson -- The occurrence of the Dutch elm disease in England / Malcolm Wilson and M.J.F. Wilson.
650  0$aDutch elm disease$zEurope.
650  0$aElm$xDiseases and pests$zEurope.
710 2 $aBartlett Research Laboratories.
830  0$aBulletin (Bartlett Research Laboratories) ;$vno. 1.
988   $a20020608
906   $0OCLC

