LEADER 01448nam a22003857u 4500
001 000000827-3
005 20020606090541.3
008 830303|1956    |||||||  |||| |0||||eng|d
035 0 $aocn834074329
035 0 $aocm77713130
043   $an-us---
100 1 $aWhitten, Russell Rutherford,$d1906-
245 10$aProtecting against Dutch elm disease /$cRussell R. Whitten.
260 0 $a[Columbus, OHio] :$bU.S. Dept. of Agriculture, Forest Service, Central States Forest Experiment Station,$c1956.
300   $a14 p. :$bill., map, tables ;$c27 cm.
490 0 $aMiscellaneous release ;$v10
504   $aIncludes bibliographical references.
505 0 $aHabits of the beetles. pp. 4.
505 0 $aFeeding habits -- Time of feeding -- Age of twigs. pp. 5.
505 0 $aBreeding habits. pp. 6.
505 0 $aControl recommendations -- Spraying -- Materials. pp. 7.
505 0 $aEquipment. pp. 8.
505 0 $aSpray concentration and dosages. pp. 9.
505 0 $aBark coverage -- TIme to spray. pp. 10.
505 0 $aSanitation. pp. 11.
505 0 $aSummary. pp. 13.
505 0 $aReferences. pp. 14.
650  0$aDutch elm disease.
650  0$aDutch elm disease$xControl.
650  0$aElm$xDiseases and pests.
710 2 $aCentral States Forest Experiment Station (Columbus, Ohio)
710 1 $aUnited States.$bForest Service.
710 1 $aUnited States.$bDepartment of Agriculture.
988   $a20020608
906   $0MH

