LEADER 00762nam a22002297u 4500
001 000000828-1
005 20020606090541.3
008 830303|1941    |||||||  |||| |0||||eng|d
035 0 $aocm09823435
050 00$aSB608.A9$bW4 1941
100 1 $aWeiss, Freeman.
245 12$aA flower spot disease of cultivated azaleas /$cby Freeman Weiss.
260 0 $aWashington, D.C. :$bUnited States Dept. of Agriculture,$c1941.
300   $a26 p. :$bill., table ;$c23 cm.
490 0 $aDept. of AGriculture circular ;$vno. 556
650  0$aPlant diseases.
650  0$aAzaleas.
650  0$aAzaleas$xDiseases and pests.
710 1 $aUnited States.$bDepartment of Agriculture.
700 1 $aSmith, Floyd F.$q(Floyd Franklin),$d1900-$eauthor.
988   $a20020608
906   $0MH

