LEADER 00559nam a22001577u 4500
001 000000829-X
005 20020606090541.3
008 830303|1956    |||||||  |||| |0||||eng|d
035 0 $aocm80557392
245 00$aWhat is dutch elm disease? :$bhow can this desease be controlled? /$cCity of Detroit, Department of Parks and Recreation.
260 0 $aDetroit, [Mich.] :$bThe Dept.,$c[1956?]
300   $a1 folded sheet (3 p.) :$bill. ;$c28 cm.
650  0$aDutch elm disease.
710 1 $aDetroit (Mich.).$bDepartment of Parks and Recreation.
988   $a20020608
906   $0MH

