LEADER 01062cam a2200265Ia 4500
001 000000830-3
005 20020606090541.3
008 880909s1906    idua         s000 0 eng d
035 0 $aocm18465146
040   $aRQF$cRQF$dAGL$dHMZ
050 14$aS30.5$b.S73
072   $aF821
100 1 $aBritton, W. E.$q(Wilton Everett),$d1868-1939.
245 14$aThe gypsy moth and the brown-tail moth /$c[by W.E. Britton].
260   $a[New Haven] :$bConnecticut Agricultural Experiment Station,$c1906.
300   $a11 p. :$bill. ;$c23 cm.
490 1 $aBulletin / Connecticut Agricultural Experiment Station ;$vno. 153
500   $a"Entomological Series, no. 13"--T.p.
650  0$aGypsy moth.
650  0$aBrowntail moth.
650  0$aTrees$xDiseases and pests.
776 08$iOnline version:$aBritton, Wilton Everett, 1868-1939.$tGypsy moth and the brown-tail moth.$d[New Haven] : Connecticut Agricultural Experiment Station, 1906$w(OCoLC)883636714
830  0$aBulletin (Connecticut Agricultural Experiment Station) ;$vno. 153.
988   $a20020608
906   $0OCLC

