LEADER 00635nam a2200205Ki 4500
001 000000831-1
005 20020606090541.3
008 881205s1915    vau           000 0 eng d
035 0 $aocm18839330
040   $aVA@$cVA@$dFLL
090   $aLC2851$b.H272 v. 7 no. 3 1915
100 1 $aNeal, Ralph T.
245 10$aInjurious insects.
260   $aHampton, VA :$bHampton normal and agricultural institute,$c1915.
300   $a53 p. :$bill. ;$c23 cm.
490 0 $aHampton, Va. Normal and agricultural institute. The Hampton leaflets ;$vv. 7, no. 3
650  0$aBeneficial insects.
650  0$aInsect pests.
988   $a20020608
906   $0OCLC

