LEADER 00793nam a2200229Ia 4500
001 000000832-X
005 20020606090541.3
008 910923r18791879nyu      b    000 0 eng d
035 0 $aocm24435679
035 0 $aocm24435679$zocm26500468
040   $aVXG$cVXG$dBOH
100 1 $aPeck, Charles H.$q(Charles Horton),$d1833-1917.
245 10$aUnited States species of Lycoperdon /$cby Charles H. Peck.
260   $a[Albany :$bAlbany Institute$c1879]
300   $a34 p. ;$c24 cm.
500   $aCaption title.
500   $aReprinted from Transactions of the Albany institute, v. 9, 1879, pp. 286-318.
500   $a"Read before the Albany Institute Feb. 4th, 1879."
504   $aIncludes bibliographical references (p. 34)
650  0$aPuffballs$zUnited States.
988   $a20020608
906   $0OCLC

