LEADER 00970nam a22002297u 4500
001 000000833-8
005 20140327100622.0
008 830303|1920    |||||||  |||| |0||||eng|d
035 0 $aocm13652205
100 1 $aSanders, James Glossbrenner,$d1880-1957.
245 10$aFour papers on homopterous insects /$cby J.G. Sanders and D.M. DeLong.
260 0 $aHarrisburg, Pa. :$bPennsylvania Dept. of Agriculture,$c1920.
440  0$aBureau of Plant Industry technical series bulletin ;$vno. 1
490 1 $aBulletin / Pennsylvania. Dept. of Agriculture ;$vv. 3, no. 15.$aGeneral bulletin ;$vno. 346
650  0$aInsect pests.
700 1 $aDeLong, Dwight Moore,$d1892-
710 1 $aPennsylvania.$bDepartment of Agriculture.
710 1 $aPennsylvania.$bBureau of Plant Industry.
830  0$aBulletin (Pennsylvania. Department of Agriculture) ;$vv. 3, no. 15.
830  0$aGeneral bulletin (Pennsylvania. Department of Agriculture) ;$vno. 346.
988   $a20020608
906   $0MH

