LEADER 00685nam a22001937u 4500
001 000000834-6
005 20020606090541.3
008 830303|1877    |||||||  |||| |0||||eng|d
035 0 $aocm43003133
245 00$aDestruction of the young or unfledged locusts /$cDepartment of the Interior, U.S. Geological and Beographical Survey of the Territories.
250   $a2nd ed.
260 0 $aWashington, [D.C.] :$bG.P.O.,$c1877.
300   $a15 p. ;$c23 cm.
490 0 $aBulletin of U.S. Entomological commission ;$vno. 1
650  0$aInsect pests$xBiological control.
650  0$aLocusts.
710 2 $aGeological and Geographical Survey of the Territories (U.S.)
988   $a20020608
906   $0MH

