LEADER 00841nam a22001937u 4500
001 000000835-4
005 20030317145723.0
008 830303|1877    |||||||  |||| |0||||eng|d
035 0 $aocm43003097
245 00$aOn the natural history of the Rocky Mountain locust, and on the habits of the young or unfledged insects as they occur in the more fertile country in which they will hatch the present year /$cDepartment of the Interior, U.S. Geological and Geographical Survey of the territories.
250   $a2nd ed.
260 0 $aWashington, [D.C.] :$bG.P.O.,$c1877.
300   $a14 p. :$bill., map ;$c23 cm.
490 0 $aBulletin of the U.S. Entomological commission ;$vno. 2
650  0$aRocky Mountain locust.
650  0$aInsect pests.
710 2 $aGeological and Geographical Survey of the Territitories (U.S.)
988   $a20020608
906   $0MH

