LEADER 00729nam a22001937u 4500
001 000000836-2
005 20020606090541.3
008 830303|1888    |||||||  |||| |0||||eng|d
035 0 $aocm12105505
100 1 $aJackson, Robert Tracy,$d1861-1948.
245 10$aMethods of labelling trees and plants /$cby Robert T. Jackson.
260 0 $aBoston, Mass. :$bMassachusetts Horticultural Society,$c1888.
500   $aPaper read before the Massachusetts Horticultural Society, Saturday, March 17, 1888.
500   $aIncludes a 4 page list of ferns and irises cultivated by the author.
650  0$aTrees$xIdentification.
650  0$aPlants$xIdentification.
710 2 $aMassachusetts Horticultural Society.
988   $a20020608
906   $0MH

