LEADER 00529nam a22001817u 4500
001 000000837-0
005 20020606090541.3
008 830303|1933    |||||||  |||| |0||||eng|d
035 0 $aocm81467259
245 00$aGogel cast zinc labels /$cWalter A. Gogel Co.
260 0 $aToledo, Ohio :$bThe Co.,$c[1933?]
300   $a10 p. :$bill., tables ;$c23 cm.
500   $aIncludes an example of a zinc, wired label.
650  0$aLabels.
650  0$aPlants$xIdentification.
710 2 $aWalter A. Gogel Company.
988   $a20020608
906   $0MH

