LEADER 00803nam a2200217I  4500
001 000000838-9
005 20020606090541.3
008 800313s1916    ohu           000 0 eng  
010   $a   16011237 
035 0 $aocm06076766
040   $aDLC$cCLE$dFLL
050   $aSB476$b.T3
100 1 $aTaylor, Albert D.,$ecomp.
245 02$aA partial list of plants available for various uses in general landscape planting,$ccomp. by Albert D. Taylor.
260   $a[Cleveland,$bA.D. Taylor,$cc1916]
300   $a51, [1] p.$c21 cm.
650  0$aLandscape gardening.
650  0$aPlants, Cultivated.
776 08$iOnline version:$aTaylor, Albert D.$tPartial list of plants available for various uses in general landscape planting.$d[Cleveland, A.D. Taylor, ©1916]$w(OCoLC)610468630
988   $a20020608
906   $0DLC

