LEADER 00619nam a22001937u 4500
001 000000839-7
005 20020606090541.3
008 830303|1915    |||||||  |||| |0||||eng|d
035 0 $aocm79005901
245 00$aFruits, trees and shrubs for Iowa planting.
250   $aRev.
260 0 $aIowa :$bIowa State College of Agriculture and Mechanic Arts, Agricultural Extension Dept.,$c1915.
300   $a4 p. ;$c23 cm.
490 0 $aExtension bulletin ;$vno. 27
650  0$aTree planting$zIowa.
650  0$aFruit trees$zIowa.
710 2 $aIowa State College.$bAgricultural Extension Department.
988   $a20020608
906   $0MH

