LEADER 00420nam a22001577u 4500
001 000000840-0
005 20020606090541.3
008 830303|1953    |||||||  |||| |0||||eng|d
035 0 $aocm78002021
100 1 $aWhite, Stanley,$d1891-
245 10$aOn learning about plants /$cStanley White.
260 0 $a[S.l.] :$bS. White,$c1953.
300   $a3 p. ;$c28 cm.
650  0$aPlants$xStudy and teaching.
988   $a20020608
906   $0MH

