LEADER 00775nam a2200229Ia 4500
001 000000841-9
005 20020606090541.3
008 851029s1948    txua          001 0 eng d
035 0 $aocm12733875
040   $aVXG$cVXG$dFLL
090   $aSB472.32.U65$bT58
100 1 $aWestcourt, Fred W.
245 12$aA landscape guide for Texas /$cby Fred W. Westcourt.
260   $a[Denton, Tex.] :$bTexas State College for Women,$c[1948]
300   $a113 p. :$bill. ;$c23 cm.
490 1 $aCollege Bulletin / Texas State College for Women ;$vno. 360 (May 15, 1948)
500   $aIncludes index.
650  0$aLandscape gardening$zTexas.
650  0$aPlants, Ornamental$zTexas.
830  0$aCollege bulletin (Texas State College for Women) ;$vno. 360.
988   $a20020608
906   $0OCLC

