LEADER 00777nam a22001937u 4500
001 000000842-7
005 20020606090541.3
008 830303|1921    |||||||  |||| |0||||eng|d
035 0 $aocm80076102
245 00$a1920-21 prospectus of the official catalogue of standardizedplant names :$bfor use in labeling, catalogue compilation, and ordering /$cas being prepared by the American Joint Commitee on Horticultural Nomenclature.
260 0 $a[S.l.] :$bThe Committee,$c[1921?]
300   $a[7] p. ;$c19 cm.
500   $aIncludes separate note from Frederick Law Olmsted.
650  0$aPlants$xNomenclature.
650  0$aHorticulture$xNomenclature.
650  0$aPlant names, Popular.
710 2 $aAmerican Joint Committee on Horticultural Nomenclature.
988   $a20020608
906   $0MH

