LEADER 00565nam a22001697u 4500
001 000000843-5
005 20020606090541.3
008 830303|1914    |||||||  |||| |0||||eng|d
035 0 $aocm10762123
100 1 $aHamblin, Stephen F.$q(Stephen Francis),$d1884-
245 10$aIdentifying plants without a key :$bhints for a beginner in horticulture /$cby Stephen F. Hamblin.
260 0 $aBoston, Mass. :$bS. Hamblin,$c1914.
300   $a25 p. :$bill. ;$c24 cm.
500   $aCover design by Edward H. Bodfish.
650  0$aPlants$xIdentification.
988   $a20020608
906   $0MH

