LEADER 00512nam a22001697u 4500
001 000000844-3
005 20020606090541.3
008 830303|1942    |||||||  |||| |0||||eng|d
035 0 $aocm83356373
100 1 $aHamblin, Stephen F.$q(Stephen Francis),$d1884-
245 10$aStandardized plant names :$blist of possible errors /$cStephen F. Hamblin.
260 0 $a[S.l.] :$bS. Hamblin,$c1914.
300   $a[6] p. ;$c28 cm.
650  0$aPlants$xNomenclature.
650  0$aPlant names, Popular.
988   $a20020608
906   $0MH

