LEADER 00928cam a2200205Ii 4500
001 000000845-1
005 20090908174253.0
008 780907s1958    ne            000 0 eng d
035 0 $aocm04205241
040   $aOKS$cOKS$dm/c$dFLL
110 2 $aInternational Commission for the Nomenclature of Cultivated Plants.
245 10$aInternational code of nomenclature for cultivated plants /$cformulated and adopted by the International Commission for the Nomenclature of Cultivated Plants of the International Union of Biological Sciences ; edited by the Editorial Committee of the Commission.
260   $aUtrecht :$bInternational Bureau for Plant Taxonomy and Nomenclature of the International Association for Plant Taxonomy,$c1958.
300   $a28 p. ;$c25 cm.
440  0$aRegnum vegetabile ;$vv. 10
500   $aIncludes index.
650  0$aPlants$vNomenclature.
650  0$aPlants, Cultivated.
988   $a20020608
906   $0OCLC

