LEADER 01008nam a22002057u 4500
001 000000846-X
005 20020606090541.3
008 830303|1961    |||||||  |||| |0||||eng|d
035 0 $aocn173689388
245 00$aInternational code of nomenclature for cultivated plants :$b1961 /$cformulated and adopted by the International Commission for the Nomenclature of Cultivated Plants of the International Union of Biological Sciences.
260 0 $aUtrecht, Netherlands :$bInternational Bureau for Plant Taxonomy and Nomenclautre of the International Association for Plant Taxonomy,$c1961.
300   $a30 p. ;$c24 cm.
440  0$aRegnum vegetabile ;$vv. 22
500   $aEdited by the Editorial Committee of the Commission.
650  0$aPlants, Cultivated$xNomenclature.
710 2 $aInternational Commission for the Nomenclature of Cultivated Plants.
710 2 $aInternational Association for Plant Taxonomy.
710 2 $aInternational Bureau for Plant Taxonomy and Nomenclature.
988   $a20020608
906   $0MH

