LEADER 00489nam a22001577u 4500
001 000000847-8
005 20080305102209.0
008 830303s1920    |||||||  |||| |0||||eng|d
035 0 $aocn232006399
100 1 $aPitkin, William.
245 12$aA list of abbreviations of botanical names of plants /$cprepared and in use by William Pitkin.
260 0 $aRochester, N.Y. :$bW. Pitkin,$c[192-?]
300   $a22 p. ;$c33 cm.
650  0$aPlants$xNomenclature$xAbbreviations.
988   $a20020608
906   $0MH

