LEADER 00575nam a2200193K  4500
001 000000848-6
005 20020606090541.3
008 931116s1942    pau           000 0 eng d
035 0 $aocm81209195
040   $aFLL$cFLL
110 2 $aUpper Bank Nurseries.
245 10$aUpper Bank Nurseries offer the following rare native shrubs collected by Mary G. Henry.
260   $aMedia, Pa.,$bThe Nurseries.$c1942.
300   $a12 p.$bphotos.
650  0$aShrubs$zUnited States.
690  9$aPlants, Native$zUnited States.$5des
700 1 $aHenry, Mary G.
988   $a20020608
906   $0MH

