LEADER 00791cam a2200217Ia 4500
001 000000849-4
005 20050527112336.0
008 861118s1939    dcuab        f000 0 eng d
035 0 $aocm14763770
040   $aTTS$cTTS$dAGL$dFLL
100 1 $aMulford, Furman Lloyd,$d1869-
245 10$aCulture and diseases of delphiniums /$cby Furman Lloyd Mulford and Freeman Weiss.
260   $aWashington, D.C. :$bU.S. Dept. of Agriculture,$c1939.
300   $aii, 12 p. :$bill., maps ;$c23 cm.
490 1 $aFarmers' bulletin / United States Department of Agriculture ;$vno. 1827
650  0$aDelphinium.
650  0$aDelphinium$xDiseases and pests.
700 1 $aWeiss, Freeman.
830  0$aFarmers' bulletin (United States. Department of Agriculture) ;$vno. 1827.
988   $a20020608
906   $0OCLC

