LEADER 00930nam a22002417u 4500
001 000000850-8
005 20020606090541.3
008 830303|1922    |||||||  |||| |0||||eng|d
035 0 $aocm83805967
100 1 $aPittier, Henri,$d1857-1950.
245 10$aNew or noteworthy plants from Colombia and Central America-8 /$cby Henry Pittier.
260 0 $aWashington, [D.C.] :$bSmithsonian Institution, United States National Museum,$c1922.
300   $avi, p. 453-490, 2 leaves of plates ;$c25 cm.
490 0 $aContributions from the United States National Herbarium ;$vv. 20, part 12
490 1 $aBulletin of the United States National Museum
650  0$aBotany$zCentral America.
650  0$aBotany$zColombia.
710 2 $aUnited States National Museum.
710 2 $aSmithsonian Institution.
710 1 $aUnited States National Herbarium.
830  0$aBulletin (United States National Museum)
988   $a20020608
906   $0MH

