LEADER 00668nam a22001937u 4500
001 000000851-6
005 20020606090541.3
008 830303|1913    |||||||  |||| |0||||eng|d
035 0 $aocm11912240
100 1 $aPorter, Evangeline.
245 10$aNative growth for planting in California /$cby Evangeline Porter.
260 0 $aSacramento, Calif. :$bCalifornia State Board of Forestry,$c1913.
300   $a9 p. :$bill. ;$c23 cm.
490 0 $aCalif. State Board of Forestry circular ;$vno. 4
500   $aReprinted from: Fourth biennial report of state forester.
650  0$aBotany$zCalifornia.
710 1 $aCalifornia.$bDivision of Forestry.
988   $a20020608
906   $0MH

