LEADER 00598nam a22001817u 4500
001 000000852-4
005 20020606090541.3
008 830303|1928    |||||||  |||| |0||||eng|d
035 0 $aocm84173661
100 1 $aRicker, Percy Leroy,$d1878-
245 10$aGrowing wild flowers from seed /$cby P.L. Ricker.
260 0 $aWashington, D.C. :$bWild Flower Preservation Society,$c1928.
300   $a1 folded sheet (4 p.) ;$c23 cm.
490 0 $aWild Flower Preservation Society circular ;$v15
650  0$aWild flower gardening.
710 2 $aWild Flower Preservation Society (U.S.)
988   $a20020608
906   $0MH

