LEADER 00604nam a22001817u 4500
001 000000853-2
005 20020606090541.3
008 830303|1923    |||||||  |||| |0||||eng|d
035 0 $aocm79113287
100 1 $aRicker, Percy Leroy,$d1878-
245 14$aThe protection of our native plants /$cby P.L. Ricker.
260 0 $aWashington, D.C. :$bWild Flower Preservation Society,$c[1923?]
300   $a[7] p. :$bill. ;$c30 cm.
500   $aReprinted from: Nature magazine (1923)
650  0$aPlants, Protection of$zUnited States.
710 2 $aWild Flower Preservation Society (U.S.)
988   $a20020608
906   $0MH

