LEADER 00990cam a2200241K  4500
001 000000854-0
005 20020606090541.3
008 871008s1924    xx            000 0 eng d
035 0 $aocm10604631
035 0 $aocm16829765
040   $aVXG$cVXG$dBOH
090   $aQK941.N7$bR6
100 1 $aRoberts, Edith Adelaide,$d1881-
245 14$aThe ecology of the plants native to Dutchess County, New York.$cBy Edith A. Roberts [and] Margaret F. Shaw.
246 3 $aNative plants of Dutchess County.
260   $a[n.p.]$bConservation Committee of the Garden Club of America$c[1924]
300   $aiv, 21 p.$c22 cm.
500   $a"This book is the result of the Graduate Scholarship established in the Botany Dept. of Vassar College by the Conservation Committee of the Garden Club of America."
650  0$aBotany$zNew York (State)$zDutchess County.
650  0$aPlant communities$zNew York (State)$zDutchess County.
700 1 $aShaw, Margaret Fenton,$d1891-
988   $a20020608
906   $0OCLC

