LEADER 00776cam a2200253I  4500
001 000000855-9
005 20060831153642.0
008 720804s1950    nyua          000 0 eng  
010   $a   50002021 
035 0 $aocm00374568
040   $aDLC$cWBU$dSER$dm.c.$dFLL
050 0 $aQK115$b.S8 1950a
082   $a582.13
100 1 $aStefferud, Alfred.
245 10$aHow to know the wild flowers.$cIllus. by Sidney H. Horn.
260   $a[New York]$bNew American Library$c[1950]
300   $a144 p.$billus.$c18 cm.
490 0 $aMentor book,$v48
500   $a"Endorsed by the Wild Flower Preservation Society."
650  0$aBotany$zUnited States.
650  0$aFlowers$zUnited States.
650  0$aWild flowers$zUnited States$xIdentification.
988   $a20020608
906   $0DLC

