LEADER 00756nam a22001697u 4500
001 000000856-7
005 20020606090541.3
008 830303|1921    |||||||  |||| |0||||eng|d
035 0 $aocn187941984
245 00$aHand-list of trees and shrubs native and exotic :$bincluding the coniferae grown in the arboretum with appendix; native migratory birds frequenting the grounds.
260 0 $aWashington, D.C. :$bWalter Reed General Hospital, Dept. of Occupational Therapy, Agricultural Section,$c[1921]
300   $aiv, 66 p. :$bill. ;$c22 cm.
650  0$aTrees$xHandbooks, manuals, etc.
650  0$aShrubs$xHandbooks, manuals, etc.
710 2 $aWalter Reed General Hospital.$bDepartment of Occupational Therapy.$bAgricultural Section.
988   $a20020608
906   $0MH

