LEADER 00968cam a2200277Ia 4500
001 000000857-5
005 20030801160553.0
008 880714s1938    flua     b   s001 0 eng d
035 0 $aocm18213984
040   $aRQF$cRQF$dAGL$dFLL
043   $an-us-fl
072  0$aF110
100 1 $aMowry, Harold.
245 10$aOrnamental hedges for Florida /$cby Harold Mowry and R.D. Dickey.
260   $aGainesville, Fla. :$bUniversity of Florida Agricultural Experiment Station,$c1938.
300   $a32 p. :$bill. ;$c23 cm.
490 1 $aBulletin / University of Florida. Agricultural Experiment Station ;$vno. 323
500   $aCover title.
500   $a"A revision of Bulletin 172"--T.p.
500   $aIncludes index.
650  0$aHedges$zFlorida.
650  0$aPlants, Ornamental$zFlorida.
700 1 $aDickey, R. D.$q(Ralph Davis),$d1904-
830  0$aBulletin (University of Florida. Agricultural Experiment Station) ;$vno. 323.
988   $a20020608
906   $0OCLC

