LEADER 00644nam a22001817u 4500
001 000000858-3
005 20090712065758.0
008 830303|1956    |||||||  |||| |0||||eng|d
035 0 $aocm01908977
100 1 $aWatkins, John V.$q(John Vertrees)
245 10$aLandscape plants for Florida homes /$cby John V. Watkins.
260 0 $aTallahassee, Fla. :$bState of Florida, Dept. of Agriculture,$c1956.
300   $a120 p., [6] leaves of col. plates :$bill. ;$c23 cm.
490 0 $aFlorida Dept. of Agriculture bulletin ;$vno. 106
650  0$aLandscape gardening$zFlorida.
710 1 $aFlorida.$bDepartment of Agriculture.
988   $a20020608
906   $0MH

