LEADER 00744nam a2200217K  4500
001 000000859-1
005 20020606090541.3
008 931201s1963    gau          s000 0 eng d
035 0 $aocn187942003
040   $aFLL$cFLL
100 1 $aWilliams, Thomas G.
245 10$aLandscape plant materials for Georgia.
260   $aAthens, Ga.,$bUniversity of Georgia. College of Agriculture. Cooperative Extension Service.$c[1963]
300   $a31 p.$bmaps, sketches, tables.
500   $aJuly 1963.
650  0$aLandscape gardening$zGeorgia.
690  9$aPlants, Native$zUnited States. Georgia.$5des
690  9$aPlant materials$zUnited States. Georgia.$5des
710 2 $aUniversity of Georgia.$bCollege of Agriculture.
988   $a20020608
906   $0MH

