LEADER 00492nam a22001577u 4500
001 000000860-5
005 20020606090541.3
008 830303|1926    |||||||  |||| |0||||eng|d
035 0 $aocm78316822
245 00$aOrnamental trees, shrubs and vines recommended for planting in Iowa.
260 0 $a[Iowa :$bIowa State College of Agricultural and Mechanical Arts,$c1926?]
300   $a6 p. ;$c28 cm.
650  0$aOrnamental horticulture$zIowa.
710 2 $aIowa State College.
988   $a20020608
906   $0MH

