LEADER 00540nam a22001697u 4500
001 000000861-3
005 20020606090541.3
008 830303|1939    |||||||  |||| |0||||eng|d
035 0 $aocn187942022
245 00$aWildflowers of Michigan.
260 0 $a[Michigan :$bMichigan Dept. of Conservation :$bFederated Garden Clubs of Michigan,$c1939?]
300   $a32 p. :$bill. ;$c19 cm.
650  0$aWild flowers$zMichigan.
710 2 $aFederated Garden Clubs of Michigan.
710 1 $aMichigan.$bDepartment of Conservation.
988   $a20020608
906   $0MH

