LEADER 00569nam a22001937u 4500
001 000000862-1
005 20020606090541.3
008 830303|1934    |||||||  |||| |0||||eng|d
035 0 $aocm81629915
100 1 $aScott, Irl Thorpe,$d1891-
245 10$aPreliminary list [of plant names] /$cby I.T. Scott.
250   $aRev.
260 0 $aJefferson City, Mo. :$bMissouri State Museum,$c1934.
300   $a43 p. ;$c28 cm.
490 0 $aMissouri State Museum bulletin ;$vno. 7
650  0$aPlants$xNomenclature.
710 2 $aMissouri State Museum.
988   $a20020608
906   $0MH

