LEADER 00557nam a2200193K  4500
001 000000863-X
005 20020606090541.3
008 930719s1959    mtu          s000 0 eng d
035 0 $aocm77967216
040   $aFLL$cFLL
100 1 $aMcCarver, Orville.
245 10$aOrnamental plant materials.
260   $aBozeman, Mont.,$bMontana State College. Extension Service.$c1959.
300   $a43 p.$bmaps, sketches.
440  0$aBulletin$v305
650  0$aPlants, Ornamental$zMontana.
690  9$aPlants$zUnited States. Montana.$5des
988   $a20020608
906   $0MH

