LEADER 00650nam a22001937u 4500
001 000000864-8
005 20020606090541.3
008 830303|1941    |||||||  |||| |0||||eng|d
035 0 $aocn187942041
100 1 $aPeattie, Donald Culross,$d1898-1964.
245 12$aA natural history of Pearson's Falls :$band some of its human associations /$cby Donald Culross Peattie.
260 0 $a[North Carolona :$bGarden Club of Tryon,$c1941?]
300   $a66 p. :$bill. ;$c19 cm.
610 20$aPearson's Falls.
650  0$aNatural history$zNorth Carolina$zTryon.
710 2 $aPearson's Falls.
710 2 $aGarden Club of Tryon (N.C.)
988   $a20020608
906   $0MH

