LEADER 00858nam a2200241I  4500
001 000000865-6
005 20020606090541.3
008 791114s1954    waua          000 0 eng  
010   $a   54003318 /L
035 0 $aocm05694059
040   $aDLC$cCOO$dCOO$dm/c$dFLL
043   $an-us-wa
050 0 $aQK192$b.S5
082   $a581.9797
100 1 $aSharpe, Grant William.
245 10$a101 wildflowers of Olympic National Park,$cby Grant and Wenonah Sharpe.
260   $a[Seattle,$bUniversity of Washington Press,$cc1954]
300   $a40 p.$billus.$c24 cm.
650  0$aWild flowers$zWashington (State)$zOlympic National Park.
700 1 $aSharpe, Wenonah.
776 08$iOnline version:$aSharpe, Grant William.$t101 wildflowers of Olympic National Park.$d[Seattle, University of Washington Press, ©1954]$w(OCoLC)595478814
988   $a20020608
906   $0DLC

