LEADER 00497nam a22001577u 4500
001 000000866-4
005 20020606090541.3
008 830303|1921    |||||||  |||| |0||||eng|d
035 0 $aocm82387946
100 1 $aSturtevant, Robert S.
245 10$aSturtevant's ready reference cards :$bgarden flowers /$cR.S. Sturtevant.
260 0 $aWellesley Farms, Mass. :$bR.S. Sturtevant,$cc1921.
300   $a[50] p. ;$c80 x 130 mm.
650  0$aFlower gardening$xHandbooks, manuals, etc.
988   $a20020608
906   $0MH

