LEADER 00509nam a22001577u 4500
001 000000867-2
005 20020606090541.3
008 830303|1921    |||||||  |||| |0||||eng|d
035 0 $aocm83494754
100 1 $aSturtevant, Robert S.
245 10$aSturtevant's ready reference cards :$bplanting the small place /$cR.S. Sturtevant.
260 0 $aWellesley Farms, Mass. :$bR.S. Sturtevant,$cc1921.
300   $a[50] p. ;$c80 x 130 mm.
650  0$aPlants, Ornamental$xHandbooks, manuals, etc.
988   $a20020608
906   $0MH

