LEADER 00599nam a2200205K  4500
001 000000868-0
005 20020606090541.3
008 930319s1932    vtu           000 0 eng d
035 0 $aocm82387950
040   $aFLL$cFLL
100 1 $aBrooks, Charlotte Pierpont.
245 10$aPlants for the flower garden.
260   $aBurlington, Vt.,$bVermont Agricultural Extension Service.$c[1932]
300   $a8 p.$bsketches, cross-sections.
440  0$aCircular$vno. 57
500   $aJune 1932.
650  0$aFlower gardening.
690  9$aPlants, Native$zUnited States. Vt.$5des
988   $a20020608
906   $0MH

