LEADER 00731nam a22001937u 4500
001 000000869-9
005 20020606090541.3
008 830303|1910    |||||||  |||| |0||||eng|d
035 0 $aocn187942062
100 1 $aDeane, Walter,$d1848-1930.
245 10$aSpare our wild flowers :$ban address delivered before the Society for the Protection of Native Plants, at Boston, Massachusetts, May 7, 1910.
260 0 $a[Boston, Mass.?] :$bThe Society,$c[1910?]
300   $a10 p. ;$c23 cm.
490 0 $aSociety for the Protection of Native Plants leaflet ;$vno. 19
650  0$aPlant conservation$zUnited States.
650  0$aWild flowers$zUnited States.
710 2 $aSociety for the Protection of Native Plants.
988   $a20020608
906   $0MH

