LEADER 00528nam a2200181K  4500
001 000000870-2
005 20020606090541.3
008 950912s1904    mau           000 0 eng d
035 0 $aocm80078440
040   $aBOH$cBOH
100 1 $aJackson, Robert Tracy,$d1861-1948.
245 14$aThe protection of native plants.
260   $c1904.
500   $aTrans. Massachusetts Horticultural Society, Part I, 1904.
650  0$aPlant conservation$zUnited States.
690  9$aPlants, Native$zUnited States.$5des
988   $a20020608
906   $0MH

