LEADER 00590nam a22001697u 4500
001 000000871-0
005 20020606090541.3
008 830303|1902    |||||||  |||| |0||||eng|d
035 0 $aocm84061196
100 1 $aKnowlton, Frank Hall,$d1860-1926.
245 10$aSuggestions for the preservation of our native plants /$cby F.H. Knowlton.
260 0 $a[Washington, D.C.?:$bF.H. Knowlton,$c1902?]
300   $ap. 41-47 ;$c24 cm.
500   $aReprinted from: Journal of the New York Botanical Garden, vol. 3, no. 27 (1902)
650  0$aPlants, Protection of$zUnited States.
988   $a20020608
906   $0MH

