LEADER 00639nam a22001697u 4500
001 000000872-9
005 20050527112327.0
008 830303|1929    |||||||  |||| |0||||eng|d
035 0 $aocm82013741
100 1 $aMulford, Furman Lloyd,$d1869-
245 10$aPlants especially available for home ground planting in upper and lower coastal plain reglons /$cprepared by Furman Lloyd Munson.
260 0 $a[Washington, D.C.] :$bUnited States Dept. of Agriculture, Bureau of Plant Industry,$c[1929]
300   $a7 p. :$bmap ;$c27 cm.
650  0$aPlants$zUnited States.
710 1 $aUnited States.$bBureau of Plant Industry.
988   $a20020608
906   $0MH

