LEADER 00696nam a22001937u 4500
001 000000873-7
005 20020606090541.3
008 830303|1923    |||||||  |||| |0||||eng|d
035 0 $aocm80171337
100 1 $aWiedorn, W. S.
245 10$aLandscaping the home grounds with native materials /$c[W.S. Wiederorn]
260 0 $aKansas :$bKansas State Agricultural College, Division of College Extension,$c1923.
300   $a1 folded sheet (4 p.) :$bill. ;$c23 cm.
490 0 $aCollege X-form ;$vno. 199
650  0$aOrnamental woody plants$zKansas.
650  0$aLandscape gardening$zKansas.
710 2 $aKansas State Agricultural College.$bDivision of College Extension.
988   $a20020608
906   $0MH

