LEADER 00545nam a22001697u 4500
001 000000874-5
005 20080305102331.0
008 830303|1939    vau||||  |||| |0||||eng|d
035 0 $aocm16571850
245 00$aNature trails and wildflower preserves in Virginia /$cGarden Club of Virginia, Wildflower Committee.
260 0 $aVirginia :$bThe Club,$c[1939]
300   $a11 p. ;$c23 cm.
650  0$aNature trails$zVirginia.
650  0$aWild flowers$zVirginia.
710 2 $aGarden Club of Virginia.$bWild-flower Committee.
988   $a20020608
906   $0MH

