LEADER 00629nam a22001817u 4500
001 000000875-3
005 20080305102422.0
008 830303s1930    |||||||  |||| |0||||eng|d
035 0 $aocn232006400
245 00$a[List of wildflowers which need protection and which may be picked] /$cWild Flower Preservation Society, Inc.
260 0 $aWashington, D.C. :$bThe Society,$c[1930?]
300   $a[1] p. ;$c23 cm.
490 0 $aPreservation Society circular ;$vno. 6
650  0$aWild flowers$zUnited States.
650  0$aPlant conservation$zUnited States.
710 2 $aWild Flower Preservation Society (U.S.)
988   $a20020608
906   $0MH

