LEADER 00642nam a22001817u 4500
001 000000876-1
005 20080305102438.0
008 830303|1923    |||||||  |||| |0||||eng|d
035 0 $aocn232006401
245 00$aWe do hope the wild flowers appreciate how ardently we love them /$cWild Flower Preservation Society, Inc.
260 0 $aWashington, D.C. :$bThe Society,$c1923.
300   $a[1] p. :$bill. ;$c23 cm.
490 0 $aPreservation Society circular ;$vno. 1
500   $aReprinted from: New York tribune.
650  0$aWild flowers$xCaricatures and cartoons.
710 2 $aWild Flower Preservation Society (U.S.)
988   $a20020608
906   $0MH

