LEADER 00645nam a22001697u 4500
001 000000877-X
005 20020606090541.3
008 830303|1916    |||||||  |||| |0||||eng|d
035 0 $aocm80873458
245 00$aShade trees, hardy shrubs, roses, perennials and other ornamental plants recommended for Maine.
260 0 $aAugusta, Me. :$bOffice of the Commissioner of Agriculture,$c1916.
300   $a33 p. :$bill. ;$c23 cm.
490 0 $aBulletin of the Dept. of Agriculture ;$vv. 15, no. 3
650  0$aPlants, Ornamental$zMaine.
710 1 $aMaine.$bDepartment of Agriculture.$bOffice of the Commissioner of Agriculture.
988   $a20020608
906   $0MH

