LEADER 00958nam a22002417u 4500
001 000000878-8
005 20061025104534.0
008 830303s1947    dcu||||  |||| |0||||eng|d
035 0 $aocm02866272
100 1 $aMerrill, Elmer Drew,$d1876-1956.
245 12$aA botanical bibliography of the islands of the Pacific /$cby Elmer D. Merrill.
260 0 $aWashington, D.C. :$bG.P.O. :$bfor sale by the Supt. of Docs.,$c1947.
300   $aV, 404 p. ;$c25 cm.
440  0$aContributions from the United States National Herbarium ;$vv.30, pt. 1.
490 1 $aBulletin of the United States National Museum
500   $aIncludes a subject index by E.H. Walker.
650  0$aBotany$zIslands of the Pacific$xBibliography.
700 1 $aWalker, Egbert H.$q(Egbert Hamilton),$d1899-1991.
710 2 $aUnited States National Museum.
710 1 $aUnited States National Herbarium.
830  0$aBulletin (United States National Museum)
988   $a20020608
906   $0MH

