LEADER 00468nam a22001577u 4500
001 000000879-6
005 20020606090541.3
008 830303|1931    |||||||  |||| |0||||eng|d
035 0 $aocm83846802
245 00$aHand-colored photo flower pictures of state flowers.
260 0 $aSpringfield, Mass. :$bC.W. Johnson,$c[1931]
300   $a1 folded sheet (4 p.) ;$c90 x 160 mm.
650  0$aBotanical illustration$xCatalogs.
700 1 $aJohnson, C. W.
988   $a20020608
906   $0MH

