LEADER 00579nam a22001697u 4500
001 000000880-X
005 20020606090541.3
008 830303|1923    |||||||  |||| |0||||eng|d
035 0 $aocm81498713
245 00$aPartial list of shrubs and trees that are hardy in southern Michigan ...
260 0 $aAnn Arbor, Mich. :$bUniversity of Michigan, Nichols Arboretum,$c1923.
300   $a1 folded sheet (4 p.) ;$c21 cm.
650  0$aPlants$xHardiness$zMichigan.
650  0$aLandscape gardening$zMichigan.
710 2 $aUniversity of Michigan.$bNichols arboretum.
988   $a20020608
906   $0MH

