LEADER 00704nam a22002057u 4500
001 000000881-8
005 20020606090541.3
008 830303|1940    |||||||  |||| |0||||eng|d
035 0 $aocn187942101
100 1 $aHotchkiss, Neil,$d1901-
245 10$aFlora of the Patuxent Research Refuge, Maryland 1 /$cby Neil Hotchkiss.
260 0 $aWashington, D.C. :$bU.S. Dept. of the Interior, Bureau of Biological Survey,$c1940.
300   $a34 p. ;$c27 cm.
490 0 $aWildlife leaflet ;$vBS-154
610 20$aPatuxent Wildlife Research Center.
650  0$aBotany$zMaryland.
710 2 $aPatuxent Wildlife Research Center
710 1 $aUnited States.$bBureau of Biological Survey.
988   $a20020608
906   $0MH

