LEADER 00777nam a2200205K  4500
001 000000882-6
005 20090416224035.0
008 831128s1938    nhu           000 0 eng d
035 0 $aocm10166391
040   $aCUV$cCUV$dm/c$dFLL
090   $aQK174$b.B4
100 1 $aBeetle, Alan A.$q(Alan Ackerman),$d1913-
245 10$aFlowering plants and ferns of the Fox Research Forest, Hillsboro, New Hampshire.
260   $aConcord,$bNew Hampshire Forestry and Recreation Dept.,$c1938.
300   $a40 p.
490 0 $aCaroline A. Fox Research and Demonstration Forest. Bulletin ;$vno. 9
610 10$aNew Hampshire.$bForestry and Recreation Commission.$bCaroline A. Fox Research and Demonstration Forest.
650  0$aBotany$zNew Hampshire$zHillsboro.
988   $a20020608
906   $0OCLC

