LEADER 00656nam a22001817u 4500
001 000000883-4
005 20020606090541.3
008 830303|1940    |||||||  |||| |0||||eng|d
035 0 $aocm77606463
100 1 $aHogdon, A. R.$q(Albion R.),$d-1976.
245 10$aProtecting our native plants /$cby A.R. Hodgdon, M.E. Mills, and H.S. Clapp.
260 0 $aDurham, N.H. :$bUniversity of New Hampshire, N.H. Extension Service,$c1940.
300   $a12 p. ;$c23 cm.
490 0 $aNew Hampshire Extension Service circular ;$v230
650  0$aPlants, Protection of$zUnited States.
710 2 $aUniversity of New Hampshire.$bExtension Service.
988   $a20020608
906   $0MH

