LEADER 00815cam a2200229Ia 4500
001 000000884-2
005 20020606090541.3
008 810826s1940    xx            000 0 eng d
010   $a   41020036 
035 0 $aocm07701957
040   $aNJL$cNJL$dOCL$dFLL
050 00$aQK175$b.M6
082   $a581.974936
100 1 $aMoldenke, Harold N.$q(Harold Norman),$d1909-
245 12$aA list of the observed flora of Watchung, N.J., and its immediate vicinity :$bbotanical survey made by Dr. Harold N. Moldenke...
246 3 $aFlora of Watchung, N.J.
260   $aElizabeth, N.J. :$bPrepared for distribution by the Union Park Commission,$c[1940]
300   $a44 p. ;$c28 x 22 cm.
500   $aReproduced from type-written copy.
650  0$aVegetation surveys$zNew Jersey$zWatchung.
988   $a20020608
906   $0OCLC

