LEADER 01025nam a2200265I  4500
001 000000885-0
005 20020606090541.3
008 780426s1932    sdu           000 0 eng c
010   $aagr32001348 
035 0 $aocm03829078
040   $aU.S. Dept. of Agr. Libr.$cIRU$dFLL
043   $an-us-sd
050 0 $aQH105.S8$bS8 no.3
082   $a581.9783
100 1 $aOver, William Henry,$d1866-1956.
245 10$aFlora of South Dakota;$ban illustrated check-list of flowering plants, shrubs and trees of South Dakota,$cby William H. Over.
260   $aVermillion,$bThe University of South Dakota,$c1932.
300   $a161 p.$bfront., illus.$c23 cm.
410 20$aW.H. Over Museum.$tNatural history studies,$vno.3
650  0$aBotany$zSouth Dakota.
651  3$aSouth Dakota$xBotany.
650  0$aPlants$zSouth Dakota.
776 08$iOnline version:$aOver, William H. (William Henry), 1866-1956.$tFlora of South Dakota.$dVermillion, The University of South Dakota, 1932$w(OCoLC)899704507
988   $a20020608
906   $0OCLC

