LEADER 00567nam a22001697u 4500
001 000000886-9
005 20020606090541.3
008 830324|1942    |||||||  |||| |0||||eng|d
035 0 $aocm83038058
245 00$aFerns and wild-flowers from Vermont :$bthe best of the hardy wild-flowers of New England offered by New England's coldest nursery /$cMitchell Nurseries.
260 0 $aBarre, Vt. :$bThe Nurseries,$c[1942?]
300   $a[8] p. ;$c23 cm.
650  0$aWild flowers$zVermont.
650  0$aFerns$zVermont.
710 2 $aMitchell Nurseries.
988   $a20020608
906   $0MH

