LEADER 00472nam a22001577u 4500
001 000000887-7
005 20090712065758.0
008 830324|1940    |||||||  |||| |0||||eng|d
035 0 $aocm07239340
245 00$aWisconsin wild flowers /$cprepared by Wisconsin Conservation Department.
260 0 $aMadison, Wis. :$bThe Dept.,$c[1940?]
300   $a14 p. ;$c22 cm.
650  0$aWild flowers$zWisconsin.
710 1 $aWisconsin.$bConservation Department.
988   $a20020608
906   $0MH

