LEADER 00617nam a2200217K  4500
001 000000888-5
005 20020606090541.3
008 930719s1922    mau           000 0 eng d
035 0 $aocm81698565
040   $aFLL$cFLL
110 2 $aMassachusetts Horticultural Society.
245 10$aWild flower preservation.
260   $aBoston,$bThe Society.$c[1922]
300   $ap. 45-48.
490 0 $aBulletin$vno. 9
500   $aApril 15, 1922.
650  0$aWild flowers$zNew England.
650  0$aPlant conservation$zNew England.
690  9$aPlants, Native$zUnited States. New England.$5des
988   $a20020608
906   $0MH

