LEADER 00612nam a22001817u 4500
001 000000889-3
005 20020606090541.3
008 830324|1940    |||||||  |||| |0||||eng|d
035 0 $aocm30376587
100 1 $aPearsall, Gordon S.
245 10$aList of the fauna and flora of the Forest Preserve District of Cook county /$cby Gordon S. Pearsall.
260 0 $a[Chicago, Ill.] :$bThe District,$c1940.
300   $a35 p. :$bill. ;$c23 cm.
650  0$aAnimals$zIllinois$zCook County.
650  0$aFlowers$zIllinois$zCook County.
710 1 $aCook County (Ill.).$bForest Preserve District.
988   $a20020608
906   $0MH

