LEADER 00565nam a22001577u 4500
001 000000890-7
005 20070223135407.0
008 830324|1895    |||||||  |||| |0||||eng|d
035 0 $aocm58756877
100 1 $aFenzi, E. O.$q(Emanuele Orazio),$d1843-1924.
245 10$aSanta Barbara exotic flora :$ba handbook of plants from foreign countries grown at Santa Barbara, California /$cF. Franceschi.
260 0 $aSanta Barbara, [Calif.] :$bF. Franceschi,$c1895.
300   $a88 p. :$btable ;$c18 cm.
650  0$aPlants$zCalifornia$zSanta Barbara.
988   $a20020608
906   $0MH

