LEADER 01084nam a22002537u 4500
001 000000891-5
005 20020606090541.3
008 830324|1953    |||||||  |||| |0||||eng|d
035 0 $aocm03756153
043   $an-us-dc
050  4$aQK480.U2D5$bF877a 1953
100 1 $aFreeman, O. M.$q(Oliver Myles),$d1891-
245 10$aAnnotated list of the plants growing naturally at the National Arboretum /$cOliver M. Freeman.
260 0 $aWashington, D.C. :$bU.S. Department of Agriculture, National Arboretum :$bfor sale by the Supt. of Docs., G.P.O.,$c1953.
300   $a48 p. :$bmap ;$c24 cm.
490 1 $aNational Arboretum contribution ;$vno.1
651  0$aNational Arboretum (U.S.)
650  0$aBotany$zWashington (D.C.)
610 20$aNational Arboretum (U.S.)
710 1 $aUnited States.$bDepartment of Agriculture.
710 1 $aNational Arboretum (U.S.)
776 08$iOnline version:$aFreeman, O.M. (Oliver Myles), 1891-$tAnnotated list of the plants growing naturally at the National Arboretum.$dWashington [U.S.G.P.O.] 1953$w(OCoLC)682421934
988   $a20020608
906   $0MH

