LEADER 01032cam a2200241Ia 4500
001 000000892-3
005 20110311111837.0
008 820701s1943    dcuaf    b   f000 0 eng d
035 0 $aocm08568196
040   $aABC$cABC$dFLL
100 1 $aSteggerda, Morris,$d1900-1950.
245 10$aSome ethnological data concerning one hundred Yucatán plants /$cby Morris Steggerda.
260 0 $aWashington :$bU.S. Govt. Printing Office,$c1943.
300   $ap. 189-226, [2] leaves of plates :$bill. ;$c24 cm.
490 1 $aBureau of American Ethnology bulletin ;$v136
490 1 $aAnthropological papers / Smithsonian Institution, Bureau of American Ethnology ;$vno. 29
504   $aIncludes bibliographical references (p. 226).
650  0$aEthnobotany$zMexico$zYucatán (State)
650  0$aMayas$xFood.
830  0$aBulletin (Smithsonian Institution. Bureau of American Ethnology) ;$v136.
830  0$aBulletin (Smithsonian Institution. Bureau of American Ethnology).$pAnthropological papers$vno. 29.
988   $a20020608
906   $0OCLC

