LEADER 00846nam a22002297u 4500
001 000000893-1
005 20020606090541.3
008 830324|1925    |||||||  |||| |0||||eng|d
035 0 $aocm77892064
100 1 $aBritton, Nathaniel Lord,$d1859-1934.
245 10$aBotany of Porto Rico and the Virgin Islands :$bdescriptive flora-spermatiphyta (continued) /$cN.L. Britton and Percy Wilson.
246 3 $aBotany of Puerto Rico and the Virgin Islands.
260 0 $aNew York, [N.Y.] :$bN.Y. Academy of Sciences,$c1925.
300   $ap. 159-316 ;$c25 cm.
490 0 $aScientific survey of Porto Rico and the Virgin Islands ;$vv.6, part 2
650  0$aBotany$zPuerto Rico.
650  0$aBotany$zVirgin Islands.
650  0$aPhanerogams.
700 1 $aWilson, Percy,$d1879-1944
710 2 $aNew York Academy of Sciences.
988   $a20020608
906   $0MH

