LEADER 01062nam a22002657u 4500
001 000000894-X
005 20120919104159.0
008 830324|1926    |||||||  |||| |0||||eng|d
035 0 $aocm82323086
100 1 $aBritton, Nathaniel Lord,$d1859-1934.
245 10$aBotany of Porto Rico and the Virgin Islands :$bdescriptive flora-spermatophyta, with appendix (concluded) /$cN.L. Britton and Percy Wilson.
246 3 $aBotany of Puerto Rico and the Virgin Islands.
260 0 $aNew York :$bNew York Academy of Sciences ;$c1926.
300   $a317-521 p. ;$c25 cm.
490 0 $aScientific survey of Porto Rico and the Virgin Islands ;$vVol.6, part 3
500   $aIncludes: Descriptive flora-pteridophyta / William R. Maxon.
650  0$aPteridophyta$zPuerto Rico.
650  0$aPteridophyta$zVirgin Islands.
650  0$aPlants$zPuerto Rico.
650  0$aPlants$zVirgin Islands.
700 1 $aWilson, Percy,$d1879-1944.
700 1 $aMaxon, William R.$q(William Ralph),$d1877-1948.
710 2 $aNew York Academy of Sciences.
988   $a20020608
906   $0MH

