LEADER 00853nam a2200217Ia 4500
001 000000895-8
005 20090712065801.0
008 820112s1927    nyu           000 0 eng u
035 0 $aocm08058232
040   $cVXY$dm/c$dFLL
090   $aQ115$b.N55 v.7 pt.1-2
100 1 $aGleason, Henry A.$q(Henry Allan),$d1882-1975.
245 10$aPlant ecology of Porto Rico /$cH.A. Gleason and Mel T. Cook.
260   $aNew York :$bNew York Academy of Sciences,$c1927, 1926.
300   $a2 v., [50] leaves of plates :$bill., maps ;$c25 cm.
490 1 $aScientific survey of Porto Rico and the Virgin Islands / New York Academy of Sciences ;$vv. 7, pt. 1-2
650  0$aPlant ecology$zPuerto Rico.
700 1 $aCook, Melville Thurston,$d1869-1952.
830  0$aScientific survey of Porto Rico and the Virgin Islands ;$vv.7, pt.1-2.
988   $a20020608
906   $0MH

