LEADER 00767nam a22002057u 4500
001 000000896-6
005 20020606090541.3
008 830324|1927    |||||||  |||| |0||||eng|d
035 0 $aocn187942170
100 1 $aGleason, Henry A.$q(Henry Allan),$d1882-1975.
245 10$aPlant ecology of Porto Rico :$b[pt.2] /$cby H.A. Gleason and Mel T. Cook.
246 3 $aPlant ecology of Puerto Rico.
260 0 $aNew York, [N.Y.] :$bN.Y. Academy of Sciences,$c1927.
300   $ap. 97-173, [29] leaves of plates :$bill. ;$c25 cm.
490 0 $aScientific survey of Porto Rico and the Virgin Islands ;$vv.7, part 2
650  0$aPlant ecology$zPuerto Rico
700 1 $aCook, Melville Thurston,$d1869-1952.
710 2 $aNew York Academy of Sciences.
988   $a20020608
906   $0MH

