LEADER 00651nam a2200193Ii 4500
001 000000897-4
005 20090712065801.0
008 811112s1928    xx            000 0 eng u
035 0 $aocm07933235
040   $cCHU$dm/c$dFLL
090   $aQ115$b.N55 vol. 7:3
100 1 $aHollick, Charles Arthur,$d1857-1933.
245 10$aPaleobotany of Porto Rico /$cArthur Hollick.
260   $aNew York :$bNew York Academy of Sciences,$c1928.
300   $ap. 177-393 :$bill.$c25 cm.
410 20$aNew York Academy of Sciences.$tScientific survey of Porto Rico and the Virgin Islands,$vvol.7, pt. 3
650  0$aPaleobotany$zPuerto Rico.
988   $a20020608
906   $0MH

