LEADER 00579nam a22001817u 4500
001 000000898-2
005 20020606090541.3
008 830324|1939    |||||||  |||| |0||||eng|d
035 0 $aocm77928474
100 1 $aFraser, S. V.
245 10$aAllium perdulee :$ba new allium from Kansas /$cS.V. Fraser.
260 0 $a[Aurora, Kan.? :$bS.V. Fraser?,$c1939?]
300   $ap. 123-126 :$bill. ;$c23 cm.
500   $aReprinted from: Transactions of the Kansas Academy of Science, vol.42 (1939)
650  0$aAllium$zKansas.
710 2 $aKansas Academy of Science.
988   $a20020608
906   $0MH

