LEADER 00682nam a22001937u 4500
001 000000899-0
005 20090821082316.0
008 830324|1938    |||||||  |||| |0||||eng|d
035 0 $aocm79777804
100 1 $aGates, Frank C.$q(Frank Caleb),$d1887-1955.
245 10$aTaraxacum laevigatum f. scapifolium :$ba new form of dandelion /$cFrank C. Gates, and S. Fred Prince.
260 0 $a[Manhattan, Kan.? :$bF.C. Gates?,$c1938?]
300   $ap. 119-120 :$bill. ;$c23 cm.
500   $aReprinted from: Transactions of the Kansas Academy of Science, vol.41 (1938)
650  0$aDandelions.
700 1 $aPrince, S. Fred.
710 2 $aKansas Academy of Science.
988   $a20020608
906   $0MH

