LEADER 00630nam a22001817u 4500
001 000000900-8
005 20090821082304.0
008 830324|1939    |||||||  |||| |0||||eng|d
035 0 $aocm78542183
100 1 $aGates, Frank C.$q(Frank Caleb),$d1887-1955.
245 10$aConditions for the flowering of "utricularia resupinata" /$cby Frank C. Gates.
260 0 $aBuenos Aires :$bImprenta Y Casa Editora Conti,$c1939.
300   $ap. 159-162 :$btable ;$c24 cm.
500   $aReprinted from: Lilloa, vol.5 of the Instituto Miguel Lillo.
650  0$aPlants, Flowering of.
710 2 $aInstituto Miguel Lillo.
988   $a20020608
906   $0MH

