LEADER 00722cam a2200217Ia 4500
001 000000901-6
005 20050527112319.0
008 801106s1939    dcu          f000 0 eng d
035 0 $aocm06906989
040   $aMOA$cMOA$dm.c.$dAGL$dFLL
090   $aSB413.C55$bM85 1939
100 1 $aMulford, Furman Lloyd,$d1869-
245 10$aNew chrysanthemums /$cby Furman Lloyd Mulford.
260   $aWashington, D.C. :$bU.S. Dept. of Agriculture,$c1939.
300   $a7 p. :$bill. ;$c24 cm.
490 1 $aCircular / United States Department of Agriculture ;$vno. 528
500   $aCaption title.
650  0$aChrysanthemums.
830  0$aCircular (United States. Department of Agriculture) ;$vno. 528.
988   $a20020608
906   $0OCLC

