LEADER 00609nam a22001817u 4500
001 000000902-4
005 20040209114408.0
008 830324|1941    |||||||  |||| |0||||eng|d
035 0 $aocm81301921
100 1 $aStout, Arlow Burdette,$d1876-1957.
245 10$aDaylilies :$b1941 introductions; color patterns /$cby A.B. Stout.
260 0 $a[New York, N.Y.? :$bA.B. Stout? ;$c1941?]
300   $a[11] p. :$bill. ;$c23 cm.
500   $aReprinted from: Journal of the New York Botanical Garden, January and February (1941)
650  0$aDaylilies.
710 1 $aNew York Botanical Garden.
988   $a20020608
906   $0MH

