LEADER 00770nam a2200229I  4500
001 000000903-2
005 20131115154844.0
008 751104s1942    flua          000 0 eng d
035 0 $aocm01804379
040   $aJPL$cJPL$dFLL
100 1 $aWatkins, John V.$q(John Vertrees)
245 10$aOrchids in Florida /$cby John V. Watkins.
260   $aGainesville :$bAgriculture Extension Service,$c1942.
300   $a47 p. :$bill. ;$c23 cm.
490 1 $aFlorida. University, Gainesville, Agricultural Extension Service. Bulletin ;$v116
500   $aCover title.
500   $a"November, 1942."
650  0$aOrchids$zFlorida.
650  0$aOrchid culture.
830  0$aBulletin (University of Florida. Agricultural Extension Division) ;$v116.
988   $a20020608
906   $0OCLC

