LEADER 00587nam a22001937u 4500
001 000000904-0
005 20020606090541.3
008 830324|1932    |||||||  |||| |0||||eng|d
035 0 $aocm81081483
100 1 $aSpingarn, Joel Elias,$d1875-1939.
245 14$aThe climbing clematis /$cby J.E. Spingarn.
260 0 $a[Amenia, N.Y. :$bJ.E. Spingarn,$c1932?]
300   $a7 p. ;$c23 cm.
500   $aReprinted from: Bulletin of the Garden Club of America, November (1932)
650  0$aClematis.
650  0$aClimbing plants.
710 2 $aGarden Club of America.
988   $a20020608
906   $0MH

