LEADER 00644nam a22001817u 4500
001 000000905-9
005 20020606090541.3
008 830324|1954    |||||||  |||| |0||||eng|d
035 0 $aocn187942199
245 00$aHandbook on vines :$bvines for every purpose; how and where to use them /$cBrooklyn Botanic Garden.
260 0 $a[Brooklyn, N.Y. :$bThe Garden,$cc1954]
300   $a76 p. :$bill. ;$c23 cm.
490 0 $aBrooklyn Botanic Garden record
500   $aHandbook is a special printing of Plants & Gardens, vol.10, no.1.
650  0$aClimbing plants$xHandbooks, manuals, etc.
710 1 $aBrooklyn Botanic Garden.
988   $a20020608
906   $0MH

