LEADER 00596nam a2200205K  4500
001 000000906-7
005 20020606090541.3
008 930630s1940    wiu          s000 0 eng d
035 0 $aocm81880708
040   $aFLL$cFLL
100 1 $aHolmes, Laurence G.
245 10$aEvergreens for the home grounds.
260   $aMadison,$bExtension Service of the College of Agriculture, the University of Wisconsin.$c[1940]
300   $a12 p.$bsketches, tables.
440  0$aCircular$v302
500   $aJune 1940.
650  0$aEvergreens$zWisconsin.
690  9$aEvergreens.$5des
988   $a20020608
906   $0MH

