LEADER 00550nam a2200193K  4500
001 000000907-5
005 20090416224037.0
008 930701s1946    inu           000 0 eng d
035 0 $aocm82928971
040   $aFLL$cFLL
100 1 $aHull, R. B.
245 10$aOrnamental evergreens, their planting and care.
260   $aLafayette, Ind.,$bPurdue University. Dept. of Agricultural Extension.$c1946.
300   $a19 p.
440  0$aExtension bulletin ;$v320
650  0$aOrnamental evergreens.
690  9$aEvergreens.$5des
988   $a20020608
906   $0MH

