LEADER 00544nam a22001697u 4500
001 000000908-3
005 20050527112310.0
008 830324|1929    |||||||  |||| |0||||eng|d
035 0 $aocm78720058
100 1 $aMulford, Furman Lloyd,$d1869-
245 10$aBroadleaf evergreens adapted to the Piedmont region of Virginia /$cprepared by Furman Lloyd Mulford.
260 0 $aRoanoke, Va. :$bMagic City Garden Club,$c1929.
300   $a4 p. ;$c27 cm.
650  0$aEvergreens$zVirginia.
710 2 $aMagic City Garden Club (Va.)
988   $a20020608
906   $0MH

