LEADER 01176nam a2200301I  4500
001 000000909-1
005 20020606090541.3
008 800314s1966    maua     b    000 0 eng d
035 0 $aocm06080903
040   $aTXA$cTXA$dm/c$dFLL
050  4$aSD359.H35$bH3 no. 16
090   $aSD359.H35$bH3 no. 16
100 1 $aLyford, Walter Henry,$d1909-
245 10$aControlled growth of forest tree roots: technique and application,$cby Walter H. Lyford and Brayton F. Wilson.
260   $aPetersham, Mass.,$bHarvard University, Harvard Forest,$c1966.
300   $a12 p.$billus.$c28 cm.
440  0$aHarvard Forest paper,$vno. 16
500   $aCover title.
504   $aBibliography: p. 12.
650  0$aTrees$xRoots.
650  0$aTrees$xGrowth.
650  0$aRoots (Botany)
650  0$aGrowth (Plants)
700 1 $aWilson, Brayton F.$q(Brayton Fuller),$d1934-$ejoint author.
700 1 $aWilson, Brayton F.$q(Brayton Fuller),$d1934-$eauthor.
776 08$iOnline version:$aLyford, Walter Henry, 1909-$tControlled growth of forest tree roots: technique and application.$dPetersham, Mass., Harvard University, 1966$w(OCoLC)626547594
988   $a20020608
906   $0OCLC

