LEADER 00557nam a22001817u 4500
001 000000910-5
005 20020606090541.3
008 830324|1929    |||||||  |||| |0||||eng|d
035 0 $aocm81405551
100 1 $aBallard, Edward Brooks.
245 10$aOur national flower /$cby Edward Brooks Ballard.
260 0 $a[S.l. :$bE.B. Ballard?,$c1929?]
300   $a7 p. ;$c21 cm.
500   $aRead before the Garden Club of Martha's Vineyard on August 13, 1929.
650  0$aNational flowers.
710 2 $aGarden Club of Martha's Vineyard.
988   $a20020608
906   $0MH

