LEADER 00663nam a22001937u 4500
001 000000911-3
005 20020606090541.3
008 830324|1917    |||||||  |||| |0||||eng|d
035 0 $aocn187942223
100 1 $aCorbett, L. C.$q(Lee Cleveland),$d1867-1940.
245 10$aAnnual flowering plants /$cby L.C. Corbett.
260 0 $aWashington, [D.C.] :$bU.S. Dept. of Agriculture,$c1917.
300   $a48 p. :$bill. ;$c23 cm.
490 1 $aFarmers' bulletin ;$vno.195
650  0$aAnnuals (Plants)
710 1 $aUnited States.$bDepartment of Agriculture.
830  0$aFarmers' bulletin (United States. Department of Agriculture) ;$vno. 195.
988   $a20020608
906   $0MH

