LEADER 00629nam a22001937u 4500
001 000000912-1
005 20020606090541.3
008 830324|1929    |||||||  |||| |0||||eng|d
035 0 $aocm77802222
100 1 $aMoore, James G.
245 10$aOutdoor flowers for the home /$cJames G. Moore.
250   $aRev.
260 0 $a[Madison, Wis. :$bExtension Service of the College of Agriculture, University of Wisconsin,$c1929]
300   $a28 p. :$bill., tables ;$c23 cm.
490 0 $aExtension Service circular ;$v212
650  0$aFlower gardening.
710 2 $aUniversity of Wisconsin.$bExtension Service.
988   $a20020608
906   $0MH

