LEADER 00588nam a2200193K  4500
001 000000913-X
005 20020606090541.3
008 930915r18991898mau           000 0 eng d
035 0 $aocn187942239
040   $aFLL$cFLL
100 1 $aSargent, Frederick Leroy,$d1863-1928.
245 14$aThe national flower movement.
260   $aBoston,$bRockwell and Churchill Press.$c1899.
300   $a38 p.
500   $aReprinted from Transactions of the Massachusetts Horticultural Society, part I, 1898.
650  0$aNational flowers.
690  9$aNational flower.$5des
988   $a20020608
906   $0MH

