LEADER 00648nam a22001577u 4500
001 000000914-8
005 20020606090541.3
008 830324|1938    |||||||  |||| |0||||eng|d
035 0 $aocm81348004
245 00$aCalendar of blossoms :$baverage dates of flowering for principal groups of showy shrubs and flowers in Rochester parks ...
260 0 $a[Rochester, N.Y.? :$bRochester Museum of Arts and Sciences, Municipal Museum Commission,$c1938]
300   $a1 sheet (2 p.) :$bill., map ;$c17 cm.
650  0$aPlants, Flowering of$xFlowering time.
710 2 $aRochester Museum of Arts and Sciences.$bMunicipal Museum Commission.
988   $a20020608
906   $0MH

