LEADER 00519nam a22001577u 4500
001 000000915-6
005 20020606090541.3
008 830324|1946    |||||||  |||| |0||||eng|d
035 0 $aocn187942252
245 00$aFlowering times :$bthe expected dates when trees and shrubs will bloom in the Philadelphia area.
260 0 $aNewtown Square, Pa. :$bEllis College Arboretum,$c[1946?]
300   $a[8] p. ;$c23 cm.
650  0$aPlants, Flowering of$xFlowering time.
710 2 $aEllis College Arboretum.
988   $a20020608
906   $0MH

