LEADER 00519nam a22001697u 4500
001 000000916-4
005 20020606090541.3
008 830324|1960    |||||||  |||| |0||||eng|d
035 0 $aocm01268518
100 1 $aHargreaves, Dorothy.
245 10$aTropical blossoms /$ctext and color photography by Dorothy and Bob Hargreaves.
260 0 $aPortland, Or. :$bHargreaves Industrial,$cc1960.
300   $a62 p. :$bcol. ill. ;$c22 cm.
650  0$aFlowers$zCaribbean Area.
700 1 $aHargreaves, Bob.
988   $a20020608
906   $0MH

