LEADER 00597cam a2200217K  4500
001 000000917-2
005 20020606090541.3
008 881018s1905    maua          000 0 eng d
035 0 $aocm18622589
040   $aVXG$cVXG$dBOH
090   $aSB435$b.M26
100 1 $aManning, J. Woodward$q(Jacob Woodward),$d1866-
245 10$aBerry-bearing plants.
260   $aReading, Mass.,$bReading Nurseries,$cc1905.
300   $a40 p.$billus.$c21 cm.
440  0$aManning's monographs,$vno. 1
500   $aCover title.
650  0$aShrubs.
650  0$aOrnamental berries.
988   $a20020608
906   $0OCLC

