LEADER 01270nam a2200313I  4500
001 000000918-0
005 20070329204917.0
008 750220s1946    xx            000 0 eng d
035 0 $aocm01183241
040   $aSNN$cSNN$dFLL
043   $an-us-ny
050  4$aQK177$b.M8 1946
090   $aQK177$b.M8 1946
100 1 $aMuenscher, Walter Conrad Leopold,$d1891-1963.
245 10$aKeys to spring plants$c[by] W. C. Muenscher and L. C. Petry.
250   $a5th ed., rev.
260   $aIthaca, N. Y.,$bComstock Publishing Co.,$c1946.
300   $a34 p.$c19 cm.
500   $a"For the identification of the Pteridophyta, Gymnospermae and the commoner species of early-flowering Angiospermae found in the vicinity of Ithaca, New York."
650  0$aPlants$zNew York (State)$zTompkins County.
650  0$aPteridophyta.
650  0$aGymnosperms.
650  0$aAngiosperms.
650  0$aBotany$zNew York (State)$zTompkins County.
700 1 $aPetry, Loren Clifford,$d1887-$ejoint author.
700 1 $aPetry, Loren C.$q(Loren Clifford),$d1887-$eauthor.
776 08$iOnline version:$aMuenscher, Walter Conrad Leopold, 1891-1963.$tKeys to spring plants.$b5th ed., rev.$dIthaca, N.Y., Comstock Pub. Co., 1946$w(OCoLC)686935649
988   $a20020608
906   $0OCLC

