LEADER 00532nam a22001697u 4500
001 000000919-9
005 20020606090541.3
008 830324|1912    |||||||  |||| |0||||eng|d
035 0 $aocm84253393
100 1 $aRamsdell, Charles H.
245 10$aOrnamental planting for winter effects /$cCharles H. Ramsdell.
260 0 $a[Minneapolis, Minn.? :$bC.H. Ramsdell?,$c1912?]
300   $ap. 321-324 ;$c23 cm.
500   $aReprinted from: Minnesota horticulturist (September, 1912)
650  0$aPlants, Ornamental.
988   $a20020608
906   $0MH

