LEADER 00595nam a22001817u 4500
001 000000920-2
005 20090821082255.0
008 830324|1939    |||||||  |||| |0||||eng|d
035 0 $aocm77657696
100 1 $aGates, Frank C.$q(Frank Caleb),$d1887-1955.
245 10$aKansas botanical notes :$b1938 /$cF.C. Gates.
260 0 $a[Manhattan?, Kan. :$bF.C. Gates?,$c1939]
300   $ap. 133-134 :$btable ;$c23 cm.
500   $aReprinted from: Transactions, Kansas Academy of Sciences, vol.42 (1939)
650  0$aPlants$xHardiness.
710 2 $aKansas Academy of Science.
988   $a20020608
906   $0MH

