LEADER 00816nam a22002057u 4500
001 000000921-0
005 20020606090541.3
008 830324|1949    |||||||  |||| |0||||eng|d
035 0 $aocm41667562
100 1 $aHume, Edward P.$q(Edward Putnam),$d1911-
245 10$aSome ornamental vines for the tropics /$cby Edward P. Hume.
260 0 $aWashington, D.C. :$bFederal Experiment Station in Puerto Rico, U.S. Dept. of Agriculture :$bfor sale by the Supt. of Docs., G.P.O.],$c1949.
300   $a72 p. :$bill., tables ;$c23 cm.
490 1 $aU.S. Dept. of Agriculture circular ;$vno.31
650  0$aOrnamental climbing plants.
650  0$aTropical plants.
710 2 $aFederal Experiment Station in Puerto Rico.
830  0$aCircular (United States. Department of Agriculture) ;$vno. 31.
988   $a20020608
906   $0MH

