LEADER 00730nam a22002057u 4500
001 000000922-9
005 20020606090541.3
008 830324|1949    |||||||  |||| |0||||eng|d
035 0 $aocm84173666
100 1 $aPhillips, William Lyman,$d1885-1966.
245 10$aCatalog of plants growing in the garden /$cby William Lyman Phillips.
260 0 $aCoral Gables, [Fla.] :$bFairchild Tropical Garden,$c1949.
300   $a48 p. :$bcol. map ;$c23 cm.
500   $aCover title: The Fairchild Tropical Garden catalog of plants.
610 20$aFairchild Tropical Garden.
650  0$aTropical plants$xNomenclature.
650  0$aTropical plants$xHandbooks, manuals, etc.
710 2 $aFairchild Tropical Garden.
988   $a20020608
906   $0MH

