LEADER 00623nam a22001937u 4500
001 000000923-7
005 20090712065801.0
008 830324|1969    |||||||  |||| |0||||eng|d
035 0 $aocm28050639
100 1 $aTandy, Cliff.
245 10$aSelect list of plants suitable for landscape work in Libya /$c[Clifford R.V. Tandy]
260 0 $aLondon :$bLand Use Consultants,$c[1969]
300   $a32 p. ;$c30 cm.
500   $aAt head of title: Land Use Consultants: technical note.
650  0$aBotany$zLibya.
650  0$aLandscape assessment$zLibya.
710 2 $aLand Use Consultants (Great Britain)
988   $a20020608
906   $0MH

