LEADER 00420nam a2200169K  4500
001 000000924-5
005 20050527112301.0
008 930722s1929    dcu          f000 0 eng d
035 0 $aocn187942280
040   $aFLL$cFLL
100 1 $aMulford, Furman Lloyd,$d1869-
245 10$aCannas.
260   $aWashington,$b[U.S. Dept. of Agriculture].$c[1929]
300   $a1 p.
650  0$aTropical plants.
988   $a20020608
906   $0MH

