LEADER 00476nam a22001697u 4500
001 000000925-3
005 20020606090541.3
008 830324|1955    |||||||  |||| |0||||eng|d
035 0 $aocm83300460
245 00$aSeaside planting.
260 0 $aNorth Abington, Mass. :$bBay State Nurseries Inc.,$c[1955?]
300   $a15 p. :$bill. ;$c28 cm.
650  0$aPlants$xCatalogs and collections.
650  0$aSeaside gardening.
710 2 $aBay State Nurseries.
988   $a20020608
906   $0MH

