LEADER 00618nam a22001817u 4500
001 000000926-1
005 20020606090541.3
008 830324|1928    |||||||  |||| |0||||eng|d
035 0 $aocm78938161
100 1 $aFord, George B.$q(George Burdett),$d1879-1930.
245 10$aParks and playfields :$ba mathematical method of determining their location, size and urgency /$cby George B. Ford.
260 0 $a[New York? :$bG.B. Ford?,$c1928?]
300   $a1 folded sheet (4 p.) :$bmaps ;$c29 cm.
500   $aReprinted from: American city (April, 1928).
650  0$aParks.
650  0$aPlaygrounds.
988   $a20020608
906   $0MH

