LEADER 00547naa a2200181K  4500
001 000000927-X
005 20020606090541.3
008 930917s1936    xxu           000 0 eng d
035 0 $aocm78479221
040   $aFLL$cFLL
100 1 $aSanford, S. N. F.
245 14$aThe collection and preservation of flowering plants.
650  0$aFlowers$xPreservation.
690  9$aHerbariums.$5des
690  9$aPlant labels.$5des
773 0 $aThe Bulletin of the Boston Society of Natural History, no. 79. Apr. 1936. pp. 3-17. photos.
988   $a20020608
906   $0MH

