LEADER 00566nam a2200205K  4500
001 000000928-8
005 20020606090541.3
008 930720s1920    enk           000 0 eng d
035 0 $aocm79156079
040   $aFLL$cFLL
110 2 $aMetropolitan Public Gardens Association.
245 10$aWindow garden competitions.
260   $aLondon,$bThe Association.$c[1920]
300   $a[2] p.
500   $aMar. 1920.
650  0$aWindow gardening$xCompetitions.
650  0$aVegetable gardening$xCompetitions.
690  9$aWindow gardens.$5des
988   $a20020608
906   $0MH

