LEADER 00537nam a22001697u 4500
001 000000929-6
005 20020606090541.3
008 830324|1935    |||||||  |||| |0||||eng|d
035 0 $aocm77641298
100 1 $aBracken, John Robert,$d1891-
245 14$aThe artistic aspect of trees /$cby John R. Bracken.
260 0 $a[Pa.? :$bJ.R. Bracken?,$c1935?]
300   $ap. 35-42 ;$c23 cm.
500   $aReprinted from: Proceedings of annual meeting, eighth National Shade Tree Conference (Aug., 1932)
650  0$aTrees.
988   $a20020608
906   $0MH

