LEADER 00518nam a22001697u 4500
001 000000930-X
005 20020606090541.3
008 830324|1922    |||||||  |||| |0||||eng|d
035 0 $aocm78032951
100 1 $aKelsey, Frederick Wallace,$d1850-
245 14$aThe landscape value of trees /$cby Frederick W. Kelsey.
260 0 $a[Washington, D.C.? :$bF.W. Kelsey?,$c1922?]
300   $a1 sheet ;$c30 cm.
500   $aReprinted from: American forestry magazine (January, 1922)
650  0$aTrees.
988   $a20020608
906   $0MH

