LEADER 01156cam a2200277Ia 4500
001 000000931-8
005 20020606090541.3
008 880613s1955    cauab        s000 0 eng d
035 0 $aocm18076790
040   $aRQF$cRQF$dAGL$dFLL
043   $an-us-ca
050  4$aSB438.5$b.Or6 1955
072   $aF110$aB200
245 00$aOrnamental plants for low-elevation desert areas of southern California /$cMildred E. Mathias ... [et al.]
260   $aBerkeley, Cal. :$bCalifornia Agricultural Experiment Station,$c1955.
300   $a35 p. :$bill., 1 col. map ;$c23 cm.
490 1 $aBulletin ;$vno. 750
500   $aCover title.
650  0$aPlants, Ornamental$xVarieties$zCalifornia, Southern.
650  0$aDeserts$zCalifornia, Southern.
700 1 $aMathias, Mildred Esther,$d1906-
700 1 $aMathias, Mildred E.$q(Mildred Esther),$d1906-1995.
776 08$iOnline version:$tOrnamental plants for low-elevation desert areas of southern California.$dBerkeley, Cal. : California Agricultural Experiment Station, 1955$w(OCoLC)870261863
830  0$aBulletin (California Agricultural Experiment Station) ;$vno. 750.
988   $a20020608
906   $0OCLC

