LEADER 00689nam a2200217K  4500
001 000000932-6
005 20020606090541.3
008 930629s1942    nyu           000 0 eng d
035 0 $aocm59227334
040   $aFLL$cFLL
100 1 $aHeady, Harold F.
245 10$aLittoral vegetation of the lakes on the Huntington Forest.
260   $aSyracuse,$bNew York State College of Forestry.$c[1942]
300   $a37 p.$bphotos, maps, tables.
440  0$aRoosevelt wildlife bulletin,$vvol. 8:1
500   $aJune 1942.
651  0$aHuntington Wildlife Forest (N.Y.)
650  0$aLake plants$zNew York (State)$zNewcomb.
690  9$aPlants, water & waterside.$5des
988   $a20020608
906   $0MH

