LEADER 00917nam a22002297u 4500
001 000000933-4
005 20090712065802.0
008 830324|1912    |||||||  |||| |0||||eng|d
035 0 $aocm83326205
100 1 $aMiller, Gerrit S.$q(Gerrit Smith),$d1869-1956.
245 14$aThe North American species of nymphaea /$cby Gerrit S. Miller Jr., and Paul C. Standley.
260 0 $aWashington, [D.C.] :$bU.S. National Museum, Smithsonian Institution,$c1912.
300   $avii, 63-108 p., [13] leaves of plates :$bill., maps ;$c25 cm.
490 0 $aContributions from the United States National Herbarium ;$vv.16, Part 3
490 1 $aBulletin of the United States National Museum
650  0$aNymphaea.
700 1 $aStandley, Paul Carpenter,$d1884-1963.
710 2 $aSmithsonian Institution.
710 2 $aUnited States National Museum.
830  0$aBulletin (United States National Museum)
988   $a20020608
906   $0MH

