LEADER 00526nam a2200181K  4500
001 000000934-2
005 20020606090541.3
008 930828s1945    nyu          s000 0 eng d
035 0 $aocm78419611
040   $aFLL$cFLL
100 1 $aPost, Kenneth,$d1904-1955.
245 10$aIndoor gardening.
260   $aIthaca, N.Y.,$bNew York State College of Agriculture, Cornell University.$c[1945?]
300   $a12 p.$bphotos, diagrs.
650  0$aIndoor gardening.
690  9$aGreenhouse & house plants.$5des
988   $a20020608
906   $0MH

