LEADER 00607nam a22001937u 4500
001 000000935-0
005 20090712065803.0
008 830324|1881    |||||||  |||| |0||||eng|d
035 0 $aocn187942316
100 1 $aRexford, Eben E.$q(Eben Eugene),$d1848-1916.
245 10$aFlowers in winter :$bhow to have beautiful flowers in the house ... /$cby Eben E. Rexford.
260 0 $aChicago, [Ill.] :$bE.H. Libby,$cc1881.
300   $a28 p. ;$c19 cm.
490 1 $aFarm library ;$vno.1
650  0$aHouse plants.
650  0$aFlowers.
830  0$aFarm library (Chicago, Ill.) ;$vno. 1.
988   $a20020608
906   $0MH

