LEADER 00555nam a22001937u 4500
001 000000936-9
005 20020606090541.3
008 830324|1951    |||||||  |||| |0||||eng|d
035 0 $aocn187942342
100 1 $aGodfrey, William.
245 10$aHouse plants /$cby Wm. Godfrey.
260 0 $aOttawa, [Ont.] :$bDept. of Agriculture,$c1951.
300   $a82 p. :$bill. ;$c25 mc.
490 0 $aDept. of Agriculture publication ;$v798
500   $aReprinted.
650  0$aHouse plants.
710 1 $aCanada.$bDepartment of Agriculture.
988   $a20020608
906   $0MH

