LEADER 00664nam a22001937u 4500
001 000000937-7
005 20020606090541.3
008 830324|1948    |||||||  |||| |0||||eng|d
035 0 $aocm80169742
100 1 $aThayer, Clark Leonard,$d1890-
245 10$aHouse plants /$cClark L. Thayer and Alfred W. Boicourt.
260 0 $a[Amherst, Mass. :$bUniversity of Massachusetts, Extension Service,$c1948]
300   $a15 p. :$bill. ;$c23 cm.
490 0 $aExtension Service leaflet ;$vno.103
650  0$aHouse plants.
700 1 $aBoicourt, Alfred W.
710 2 $aUniversity of Massachusetts (Amherst campus).$bCooperative Extension Service.
988   $a20020608
906   $0MH

