LEADER 00947cam a2200265Ia 4500
001 000000938-5
005 20020606090541.3
008 880718s1941    fluab        s000 0 eng d
035 0 $aocm18229891
040   $aRQF$cRQF$dAGL$dFLL
043   $an-us-fl
072   $aF110
100 1 $aCrevasse, J. M.
245 10$aGround covers for Florida gardens /$cJ.M. Crevasse, Jr.
260   $aGainesville, Fla. :$bUniversity of Florida Agricultural Experiment Station,$c1941.
300   $a60 p. :$bill., map ;$c23 cm.
490 1 $aBulletin / University of Florida. Agricultural Experiment Station ;$vno. 364
500   $aCover title.
500   $aOriginally presented as: Thesis (M.S.)--University of Florida, 1941.
500   $aIncludes index.
650  0$aGround cover plants$zFlorida.
650  0$aGardens$zFlorida.
830  0$aBulletin (University of Florida. Agricultural Experiment Station) ;$vno. 364.
988   $a20020608
906   $0OCLC

