LEADER 00620nam a22001817u 4500
001 000000939-3
005 20020606090541.3
008 830324|1950    |||||||  |||| |0||||eng|d
035 0 $aocm16415728
100 1 $aCrevasse, J. M.
245 10$aGround covers for Florida gardens /$cby J.M. Crevasse.
260 0 $aGainsville, Fla. :$bUniversity of Florida Agricultural Experiment Station,$c1941.
300   $a60 p. :$bill., map ;$c23 cm.
490 0 $aExperiment Station bulletin ;$v473
650  0$aGround cover plants$zFlorida.
710 2 $aUniversity of Florida.$bAgricultural Experiment Station.
988   $a20020608
906   $0MH

