LEADER 00584nam a2200205K  4500
001 000000940-7
005 20020606090541.3
008 930710s1961    nju          s000 0 eng d
035 0 $aocm55165460
035 0 $aocn187942363
040   $aFLL$cFLL
100 1 $aLacey, Donald B.
245 10$aGround covers, carpets for outdoor living.
260   $aNew Brunswick, N.J.,$bRutgers State University Extension Service,$c1961.
300   $a[4] p.$bphotos.
440  0$aExtension bulletin$v351
650  0$aGround cover plants.
690  9$aGround covers.$5des
988   $a20020608
906   $0MH

