LEADER 00885cam a2200253Ia 4500
001 000000941-5
005 20020606090541.3
008 870220s1917    dcua     b   f000 0 eng d
035 0 $aocm15220408
040   $aRQF$cRQF$dAGL$dBOH
043   $an-usc--
072   $aE200$aK001
100 1 $aBates, Carlos G.$q(Carlos Glazier),$d1885-
245 14$aThe windbreak as a farm asset /$cCarlos G. Bates.
260   $aWashington, D.C. :$bU.S. Dept. of Agriculture,$c1917.
300   $a16 p. :$bill. ;$c23 cm.
490 1 $aFarmers' bulletin / United States Department of Agriculture ;$vno. 788
500   $aCover title.
500   $a"Contribution from the Forest Service."
504   $aBibliography: p.16.
650  0$aWindbreaks, shelterbelts, etc.$zMiddle West.
830  0$aFarmers' bulletin (United States. Department of Agriculture) ;$vno. 788.
988   $a20020608
906   $0OCLC

