LEADER 00818cam a2200217Ia 4500
001 000000942-3
005 20020606090541.3
008 870311s1924    dcua         f000 0 eng d
035 0 $aocm15299709
040   $aRQF$cRQF$dAGL$dBOH
072   $aJ800$aK001
100 1 $aBates, Carlos G.$q(Carlos Glazier),$d1885-
245 14$aThe windbreak as a farm asset /$cby Carlos G. Bates.
260   $aWashington, D.C. :$bU.S. Dept. of Agriculture,$c1924.
300   $a16 p. :$bill. ;$c23 cm.
490 1 $aFarmers' bulletin / United States Department of Agriculture ;$vno. 1405
500   $a"This bulletin is a revision of and supersedes Farmers' bulletin 788."
650  0$aWindbreaks, shelterbelts, etc.
830  0$aFarmers' bulletin (United States. Department of Agriculture) ;$vno. 1405.
988   $a20020608
906   $0OCLC

