LEADER 00739nam a22002057u 4500
001 000000944-X
005 20020606090541.3
008 830324|1949    |||||||  |||| |0||||eng|d
035 0 $aocn187942384
100 1 $aDavis, J. E.
245 10$aWindbreaks for Illinois farmsteads /$cJ.E. Davis.
250   $a3rd printing /$bwith revisions by L.B. Culver.
260 0 $aUrbana, [Ill.] :$bIllinois Dept. of Registration and Education, Natural History Survey Division,$c1949.
300   $a33 p. :$bill., map ;$c23 cm.
490 0 $aNatural History Survey Division circular ;$v38
650  0$aWindbreaks, shelterbelts, etc.$zIllinois.
700 1 $aCulver, L. B.
710 1 $aIllinois.$bNatural History Survey Division.
988   $a20020608
906   $0MH

