LEADER 00818nam a22002177u 4500
001 000000945-8
005 20020606090541.3
008 830324|1940    |||||||  |||| |0||||eng|d
035 0 $aocm80075641
100 1 $aDenUyl, Daniel.
245 10$aTree windbreaks for Indiana farms /$cby Daniel DenUyl.
250   $aRev. ed.
260 0 $a[Lafayette, Ind. :$bPurdue University, Cooperative Extension Work in Agriculture and Home Economics,$c1940]
300   $a15 p. :$bill., charts ;$c23 cm.
490 0 $aExtension bulletin ;$vno.226
500   $aPublished in cooperation with the United States Dept. of Agriculture.
650  0$aWindbreaks, shelterbelts, etc.$zIndiana.
710 1 $aUnited States.$bDepartment of Agriculture.
710 2 $aPurdue University.$bCooperative Extension Service.
988   $a20020608
906   $0MH

