LEADER 00663nam a2200205K  4500
001 000000946-6
005 20020606090541.3
008 930909s1944    oku           000 0 eng d
035 0 $aocn468816953
035 0 $aocm82286277
040   $aFLL$cFLL
100 1 $aRigdon, Harry P.
245 10$aWindbreaks and their relation to agriculture.
260   $aStillwater,$bOklahoma Agricultural and Mechanical College, cooperating with U.S. Dept. of Agriculture. Extension Service.$c1944.
300   $a14 p.$bphotos, map, plans, tables.
440  0$aCircular$vno. 398
650  0$aWindbreaks, shelterbelts, etc.
690  9$aWindbreaks.$5des
988   $a20020608
906   $0MH

