LEADER 00846nam a22002057u 4500
001 000000947-4
005 20120817125102.0
008 830324|1953    |||||||  |||| |0||||eng|d
035 0 $aocm06851473
035 0 $aocn187942406
100 1 $aGeorge, Ernest J.$q(Ernest John),$d1898-
245 10$aThirty-one-year results in growing shelterbelts on the northern Great Plains /$cby Ernest J. George.
246 3 $a31-year results in growing shelterbelts on the northern Great Plains.
260 0 $aWashington, D.C. :$bU.S. Dept. of Agriculture :$b[for sale by the Supt. of Docs., G.P.O.,$c1953.]
300   $a57 p. :$bill., charts, maps, tables ;$c23 cm.
490 0 $aDept. of Agriculture circular ;$vno.924
650  0$aWindbreaks, shelterbelts, etc.$zGreat Plains.
710 1 $aUnited States.$bDepartment of Agriculture.
988   $a20020608
906   $0MH

