LEADER 00800nam a2200205Ia 4500
001 000000948-2
005 20020606090541.3
008 920915s1916    iaua         s000 0 eng d
035 0 $aocm26605956
040   $aRQF$cRQF$dFLL
072   $aJ800
100 1 $aMacDonald, G. B.$q(Gilmore Byers),$d1883-
245 10$aRenewing the shelterbelt /$cby G.B. MacDonald.
260   $aAmes, Iowa :$bAgricultural Experiment Station, Iowa State College of Agriculture and Mechanic Arts,$c1916.
300   $a16 p. :$bill. ;$c22 cm.
490 1 $aCircular / Agricultural Experiment Station, Iowa State College of Agriculture and Mechanic Arts ;$vno. 27
650  0$aWindbreaks, shelterbelts, etc.
830  0$aCircular (Iowa State College. Agricultural Experiment Station) ;$vno. 27.
988   $a20020608
906   $0OCLC

