LEADER 00630nam a2200205K  4500
001 000000949-0
005 20020606090541.3
008 930719s1962    mtu           000 0 eng d
035 0 $aocn213836082
035 0 $aocm80478303
040   $aFLL$cFLL
100 1 $aMarks, Richard T.
245 10$aWindbreaks and shelterbelts.
260   $aBozeman,$bMontana State College. Cooperative Extension Service,$c1962.
300   $a23 p.$bphotos, maps, sketches, charts.
650  0$aWindbreaks, shelterbelts, etc.
690  9$aWindbreaks.$5des
710 2 $aMontana State College.$bCooperative Extension Service.
988   $a20020608
906   $0MH

