LEADER 00901nam a22001937u 4500
001 000000950-4
005 20020606090541.3
008 830324|        |||||||  |||| |0||||eng|d
035 0 $aocn187942428
100 1 $aWoodruff, N. P.$q(Neal P.),$d1919-
245 10$aShelterbelt and surface barrier effects on wind velocities, evaporation, house heating, and snowdrifting /$cN.P. Woodruff.
260 0 $a[Manhattan, Kan. :$bAgricultural Experiment Station, Kansas State College of Agriculture and Applied Science,$c1954]
300   $a27 p. :$bill., charts, map ;$c23 cm.
490 0 $aTechnical bulletin ;$v77
500   $a"Western Soil and Water Management Section, Soil and Water Conservation Research Branch, Agricultural Research Service, U.S. Dept. of Agriculture cooperating."
650  0$aWindbreaks, shelterbelts, etc.
710 2 $aKansas Agricultural Experiment Station.
988   $a20020608
906   $0MH

