LEADER 00616nam a22001937u 4500
001 000000951-2
005 20020606090541.3
008 830324|1941    |||||||  |||| |0||||eng|d
035 0 $aocm79779295
100 1 $aBarr, Charles W.
245 14$aThe value of birds encouraged by dense highway plantings /$cby Charles Wesley Barr.
260 0 $a[East Lansing, Mich. :$bMichigan State College,$c1941?]
300   $ap. 69-74 ;$c23 cm.
500   $aReprinted from: Jack-pine warbler, vol.18, no.3.
650  0$aBeneficial birds.
650  0$aRoadside plants.
710 2 $aMichigan State College.
988   $a20020608
906   $0MH

