LEADER 00720nam a22002057u 4500
001 000000952-0
005 20090810151809.0
008 830324|1916    |||||||  |||| |0||||eng|d
035 0 $aocn187942449
100 1 $aBeal, F. E. L.$q(Foster Ellenborough Lascelles),$d1840-1916.
245 10$aSome common birds useful to the farmer /$cby F.E.L. Beal.
260 0 $a[Washington, D.C.] :$bU.S. Dept. of Agriculture,$c1916.
300   $a27 p. :$bill. ;$c23 cm.
490 1 $aFarmers' bulletin ;$v630
650  0$aBeneficial birds.
650  0$aAgriculture.
710 1 $aUnited States.$bDepartment of Agriculture.
830  0$aFarmers' bulletin (United States. Department of Agriculture) ;$vno. 630.
988   $a20020608
906   $0MH

