LEADER 00769nam a22002177u 4500
001 000000953-9
005 20020606090541.3
008 830324|1919    |||||||  |||| |0||||eng|d
035 0 $aocm83081538
100 1 $aForbush, Edward Howe,$d1858-1929.
245 10$aPlants that attract and shelter birds and some that protect cultivated fruit /$cEdward Howe Forbush.
260 0 $aBoston, [Mass.] :$bMassachusetts Dept. of Agriculture,$c1919.
300   $a29 p. :$bill., tables ;$c23 cm.
490 0 $aDepartment of Agriculture circular ;$vno.13
500   $aSupersedes department circular no.49.
650  0$aPlants, Useful.
650  0$aBird attracting.
650  0$aBotany, Economic.
710 1 $aMassachusetts.$bDepartment of Agriculture.
988   $a20020608
906   $0MH

