LEADER 00619nam a22001937u 4500
001 000000954-7
005 20020606090541.3
008 830324|1940    |||||||  |||| |0||||eng|d
035 0 $aocm18612127
100 1 $aKatz, Myer.
245 10$aOrnamental woody plants attractive to birds /$cby Myer Katz.
260 0 $aWashington, D.C. :$bU.S. Dept. of the Interior, Bureau of Biological Survey,$c1940.
300   $a18 p. ;$c27 cm.
490 0 $aWildlife leaflet ;$vBS-156
650  0$aOrnamental woody plants.
650  0$aBird attracting.
710 1 $aUnited States.$bBureau of Biological Survey.
988   $a20020608
906   $0MH

