LEADER 00749nam a22002057u 4500
001 000000955-5
005 20020606090541.3
008 830324|1931    |||||||  |||| |0||||eng|d
035 0 $aocm11341152
100 1 $aMcAtee, W. L.$q(Waldo Lee),$d1883-1962.
245 10$aHow to attract birds in Northeastern United States /$cby W.L. McAtee.
250   $aRev.
260 0 $a[Washington, D.C. :$bU.S. Dept. of Agriculture :$bfor sale by Supt. of Docs., G.P.O.,$c1931]
300   $a17 p. :$bill., tables ;$c23 cm.
490 1 $aFarmers' bulletin ;$vno.621
650  0$aBird attracting.
710 1 $aUnited States.$bDepartment of Agriculture.
830  0$aFarmers' bulletin (United States. Department of Agriculture) ;$vno. 621.
988   $a20020608
906   $0MH

