LEADER 01240cam a2200325Ia 4500
001 000000956-3
005 20020606090541.3
008 780911s1913    dcua         f000 0 eng c
010   $aagr13000200 
035 0 $aocm04212723
040   $aU.S. Dept. of Agriculture$cAKC$dSER$dAGL$dFLL
043   $an-us---
050 14$aSB995.3$b.F53 1913
072   $aX300
090   $aSB995$b.H4
245 00$aFifty common birds of farm and orchard /$cprepared in the Bureau of Biological Survey.
246 3 $a50 common birds of farm and orchard
260   $aWashington, D.C. :$bU.S. Dept. of Agriculture,$c1913.
300   $a31 p. :$bcol. ill. ;$c23 cm.
490 1 $aFarmers' bulletin / United States Department of Agriculture ;$vno. 513
500   $aCover title.
504   $aIncludes bibliographical references.
650  0$aBirds.
650  0$aBird pests$zUnited States.
650  0$aBirds$zUnited States.
710 1 $aUnited States.$bBureau of Biological Survey.
776 08$iOnline version:$tFifty common birds of farm and orchard.$dWashington, D.C. : U.S. Dept. of Agriculture, 1913$w(OCoLC)894186781
830  0$aFarmers' bulletin (United States. Department of Agriculture) ;$vno. 513.
988   $a20020608
906   $0OCLC

