LEADER 00599nam a22001697u 4500
001 000000957-1
005 20020606090541.3
008 830324|1963    |||||||  |||| |0||||eng|d
035 0 $aocm78198934
100 1 $aAllan, Philip Farley,$d1909-
245 10$aConservation plantings :$bmake names for birds /$c[written by Phillip F. Allan]
260 0 $a[New Jersey :$bN.J. Dept. of Agriculture, State Soil Conservation Committee,$c1963?]
300   $a1 folded sheet (8 p.) :$bill. ;$c29 cm.
650  0$aBird attracting.
710 1 $aNew Jersey.$bState Soil Conservation Committee.
988   $a20020608
906   $0MH

