LEADER 00729nam a22002057u 4500
001 000000958-X
005 20020606090541.3
008 830324|1960    |||||||  |||| |0||||eng|d
035 0 $aocm79007435
100 1 $aLongenecker, G. William.
245 10$aLandscape plants that attract birds /$cG. Wm. Longenecker, Robert Ellarson.
250   $aRev.
260 0 $aMadison, Wis. :$bUniversity of Wisconsin, College of Agriculture, Extension Service,$c1960.
300   $a9 p. :$bill., tables ;$c23 cm.
490 0 $aExtension Service circular ;$v514
650  0$aBird attracting.
700 1 $aEllarson, Robert.
710 2 $aUniversity of Wisconsin.$bCollege of Agriculture.$bAgricultural Extension Service.
988   $a20020608
906   $0MH

