LEADER 00640nam a2200217K  4500
001 000000959-8
005 20120723155844.0
008 930920s1953    nyu           000 0 eng d
035 0 $aocm80699967
040   $aFLL$cFLL
100 1 $aSherwood, Mary P.
245 10$aInviting bird neighbors.
260   $a[Ithaca, N.Y.,$bCollege of Agriculture, Cornell University.$c[1953?]
300   $a31 p.$bphotos, sketches, tables.
440  0$aCornell 4-H Club bulletin$v103
650  0$aBird attracting.
690  9$aBirds.$5des
690  9$aPlants, Bird-attracting.$5des
700 1 $aGordon, Eva L.$q(Eva Lucretia).
988   $a20020608
906   $0MH

