LEADER 00470nam a2200169K  4500
001 000000960-1
005 20020606090541.3
008 921211s1957    onca          000 0 eng d
035 0 $aocm27110697
040   $aGTR$cGTR$dFLL
100 1 $aMayall, K. M.
245 00$aSome plants suitable for attracting wildlife.
260   $aWoodbridge, Ontario,$bConservation Authority,$c1957.
300   $a17 p. (unbound)$billus.
650  0$aBird attracting.
988   $a20020608
906   $0OCLC

