LEADER 00685nam a22002057u 4500
001 000000961-X
005 20020606090541.3
008 830324|1937    |||||||  |||| |0||||eng|d
035 0 $aocn187942485
100 1 $aMorrison, Walter C.
245 10$aWoody honey plants for roadside planting in New Jersey /$c[by Walter C. Morrison]
260 0 $aTrenton, N.J. :$bNew Jersey Dept. of Agriculture,$c1957.
300   $a22 p. ;$c23 cm.
490 0 $aDept. of Agriculture circular ;$vno.403
650  0$aHoney plants$zNew Jersey.
650  0$aRoadside plants$zNew Jersey.
650  0$aWoody plants$zNew Jersey.
710 1 $aNew Jersey.$bDepartment of Agriculture.
988   $a20020608
906   $0MH

