LEADER 00982nam a22002057u 4500
001 000000962-8
005 20020606090541.3
008 830324|1929    |||||||  |||| |0||||eng|d
035 0 $aocm81856975
100 1 $aEggleston, W. W.$q(Willard Webster),$d1863-
245 10$aCatalogue of wild drug plants :$bto be used as a basis of the drug-plant survey ... /$cby W.W. Eggleston and J.W. Kelly.
260 00$a[Washington, D.C.] :$bBureau of Plant Industry, U.S. Dept. of Agriculture,$c[1929]
300   $a8 p. ;$c27 cm.
500   $aWritten under the supervision of the Subcommittee on Pharmacognosy and Pharmaceutical Botany, Division of Biology and Agriculture, National Research Council.
650  0$aMedicinal plants$xCatalogs.
700 1 $aKelly, J. W.
710 1 $aUnited States.$bBureau of Plant Industry.
710 2 $aNational Research Council (U.S.).$bDivision of Biology and Agriculture.$bSubcommittee on Pharmacognosy and Pharmaceutical Botany.
988   $a20020608
906   $0MH

