LEADER 00562nam a2200205K  4500
001 000000963-6
005 20020606090541.3
008 930308s1936    xx           s000 0 eng d
035 0 $aocm78102581
040   $aFLL$cFLL
100 1 $aBaker, Frederic W.
245 10$aPlants that can be cultivated for profit in New Hampshire.
260   $bState of New Hampshire.$c[1936]
300   $a[8] p.
500   $aApr. 1936.
650  0$aPlants, Cultivated$zNew Hampshire.
650  0$aMedicinal plants.
690  9$aPlants, Medicinal.$5des
988   $a20020608
906   $0MH

