LEADER 00517cam a2200181I  4500
001 000000965-2
005 20040130141209.0
008 790830s1942    mnu           000 0 eng d
035 0 $aocm05328835
040   $aCLE$cCLE$dm.c.$dFLL
110 2 $aMinnesota Resources Commission
245 10$aMedicinal plant resources of Minnesota.
260   $aSaint Paul, Minn.,$bMinnesota resources commission,$c1942.
300   $a23 p.
500   $aCover- title.
650  0$aMedicinal plants$zMinnesota.
988   $a20020608
906   $0OCLC

