LEADER 00813nam a2200241I  4500
001 000000966-0
005 20120814160939.0
008 770727s1945    nyua     b    000 0 eng  
010   $a   45037208 
035 0 $aocm03142822
040   $aDLC$cDRB$dm.c.$dFLL
050 0 $aSB618.P6$bH3
100 1 $aHarlow, William Morehouse,$d1900-
245 10$aPoisonivy and poisonsumac /$cby William M. Harlow.
246 3 $aPoison ivy and poison sumac.
260   $aSyracuse, N.Y. :$bThe New York state college of forestry at Syracuse university,$c1945.
300   $a2 p. ℓ., 19 p. :$bill. ;$c23 cm.
504   $aIncludes bibliographical references (p. 18-19).
650  0$aPoison ivy.
650  0$aPoison sumac.
710 2 $aNew York State College of Forestry at Syracuse University.
988   $a20020608
906   $0DLC

