LEADER 00824nam a22002057u 4500
001 000000967-9
005 20060228151717.0
008 830324|1943    |||||||  |||| |0||||eng|d
035 0 $aocm14736195
035 0 $aocm30418639
100 1 $aMassey, A. B.$q(Arthur Ballard),$d1889-1982.
245 10$aPoisonous plants :$bnative and naturalized plants of Virginia with special reference to livestock poisoning /$cby A.B. Massey and R.D. Hatch.
260 0 $a[Blacksburg], Virginia :$bDept. of Biology, Virginia Polytechnic Institute,$c[1943]
300   $a52 p. :$bill., tables ;$c23 cm.
440  0$aBulletin of the Virginia Polytechnic Institute ;$vv. 36, no. 8
650  0$aPoisonous plants$zVirginia.
700 1 $aHatch, Ray D.
710 2 $aVirginia Polytechnic Institute.$bDepartment of Biology.
988   $a20020608
906   $0MH

