LEADER 00504nam a22001697u 4500
001 000000968-7
005 20020606090541.3
008 830324|1940    |||||||  |||| |0||||eng|d
035 0 $aocn175319906
245 00$aAndorra hand-book of trees and shrubs.
260 0 $aPhiladelphia, Pa. :$bAndorra Nurseries,$c1940.
300   $a117 p. :$bill., tables ;$c29 cm.
650  0$aTrees$xHandbooks, manuals, etc.
650  0$aShrubs$xHandbooks, manuals, etc.
710 2 $aAndorra Nurseries.
988   $a20020608
906   $0MH

