LEADER 00529nam a22001697u 4500
001 000000969-5
005 20020606090541.3
008 830324|1923    |||||||  |||| |0||||eng|d
035 0 $aocm79646074
245 00$aPlan to plant another tree.
260 0 $aAurora, Ill. :$bTree Lovers Association of America,$c1923.
300   $a4 p. :$bill. ;$c30 cm.
490 0 $aOfficial bulletin / Tree Lovers Association of America ;$vv.1, no.1
650  0$aTree planting.
710 2 $aTree Lovers Association of America.
988   $a20020608
906   $0MH

