LEADER 00537nam a22001697u 4500
001 000000970-9
005 20020606090541.3
008 830324|1916    |||||||  |||| |0||||eng|d
035 0 $aocm35920057
245 00$aImmediate and beautiful effects secured by large tree moving /$cexamples of work executed by Lewis & Valentine Co.
260 0 $aRoslyn, [N.Y.] :$bThe Co.,$cc1916.
300   $a[48] p. :$bill. ;$c21 x 28 cm.
650  0$aLandscaping industry.
650  0$aTrees.
710 2 $aLewis & Valentine Company.
988   $a20020608
906   $0MH

