LEADER 00604nam a22001817u 4500
001 000000971-7
005 20020606090541.3
008 830324|1935    |||||||  |||| |0||||eng|d
035 0 $aocm79833130
245 00$aEspalier dwarf-trained fruit trees :$bdistinctive ... decorative, practical /$cas grown and trained by Henry Leuthardt.
260 0 $aPort Chester, N.Y. :$bH. Leuthardt,$c[1935?]
300   $a1 folded sheet :$bill. ;$c46 cm. folded to 24 cm.
650  0$aDwarf fruit trees.
650  0$aOrnamental horticulture.
650  0$aEspaliers.
700 1 $aLeuthardt, Henry.
988   $a20020608
906   $0MH

