LEADER 00695nam a22001937u 4500
001 000000972-5
005 20020606090541.3
008 830324|1924    |||||||  |||| |0||||eng|d
035 0 $aocm78899060
100 1 $aBode, Irwin Theodore,$d1891-
245 10$aCore of new tree-plantings /$cby I.T. Bode.
260 0 $a[Ames, Iowa :$bIowa State College of Agriculture and Mechanic Arts, Extension Service, Agriculture and Home Economics,$c1924]
300   $a7 p. :$bill. ;$c22 cm.
490 0 $aExtension Service bulletin ;$vno.127
650  0$aTree planting.
650  0$aTrees, Care of.
710 2 $aIowa State College.$bExtension Service.$bAgriculture and Home Economics.
988   $a20020608
906   $0MH

