LEADER 00561nam a22001817u 4500
001 000000973-3
005 20020606090541.3
008 830324|1942    |||||||  |||| |0||||eng|d
035 0 $aocm78069026
100 1 $aThies, Wilbur H.
245 10$aGrowing fruits for home use /$cby W.H. Thies.
260 0 $a[Amherst, Mass. :$bExtension Service, Mass. State College,$c1942]
300   $a20 p. :$bill. ;$c23 cm.
490 0 $aExtension Service leaflet ;$vno.208
650  0$aFruit.
710 2 $aMassachusetts State College.$bExtension Service.
988   $a20020608
906   $0MH

