LEADER 00741nam a22002297u 4500
001 000000974-1
005 20020606090541.3
008 830324|1932    |||||||  |||| |0||||eng|d
035 0 $aocm32293469
100 1 $aYerkes, Guy E.$q(Guy Eston),$d1880-
245 10$aPropagation of trees and shrubs /$cby Guy E. Yerkes.
250   $a[Slightly rev.]
260 0 $a[Washington, D.C. :$bU.S. Dept. of Agriculture,$c1932]
300   $a52 p. :$bill. ;$c23 cm.
490 1 $aFarmers' bulletin ;$v1567
650  0$aPlant propagation.
650  0$aTrees.
650  0$aShrubs.
710 1 $aUnited States.$bDepartment of Agriculture.
830  0$aFarmers' bulletin (United States. Department of Agriculture) ;$vno. 1567.
988   $a20020608
906   $0MH

