LEADER 00503nam a2200193K  4500
001 000000975-X
005 20020606090541.3
008 930628s1938    mau           000 0 eng d
035 0 $aocm84215526
040   $aFLL$cFLL
110 2 $aHenderson and Herndon Tree Co., Inc.
245 10$aScientific tree care.
260   $aBoston,$bThe Co.$c[1938?]
300   $a[8] p.$bphotos, tables.
650  0$aTrees, Care of.
690  9$aTrees.$5des
690  9$aTrees$xMaintenance.$5des
988   $a20020608
906   $0MH

