LEADER 00624cam a2200205Ia 4500
001 000000976-8
005 20020606090541.3
008 831202q19701979ohua          000 0 eng d
035 0 $aocm10179240
040   $aGZM$cGZM$dm/c$dOCL$dFLL
090   $aSB435$b.D38 1970z
245 00$aDavey guide to tree beauty and tree care.
246 3 $aGuide to tree beauty and tree care.
260   $aKent, Ohio :$bDavey Tree Expert Company,$c[197-?]
300   $a35 p. :$bill. (some col.) ;$c26 cm.
500   $aCover title.
650  0$aTrees, Care of.
710 2 $aDavey Tree Expert Company (Kent, Ohio)
988   $a20020608
906   $0OCLC

