LEADER 00443nam a22001577u 4500
001 000000977-6
005 20020606090541.3
008 830324|1900    |||||||  |||| |0||||eng|d
035 0 $aocm21966024
100 1 $aManning, Jacob Woodward,$d1866-
245 10$aForest and ornamental tree planting /$cby J.W. Manning.
260 0 $aReading, Mass. :$bJ.W. Manning,$c[1900?]
300   $a4 p. ;$c24 cm.
650  0$aTree planting.
988   $a20020608
906   $0MH

