LEADER 00732nam a22002177u 4500
001 000000978-4
005 20020606090541.3
008 830324|1972    |||||||  |||| |0||||eng|d
035 0 $aocm06507429
050  4$aSB435$b.Y65 1972
100 1 $aYoungman, Wilbur H.$q(Wilbur Hughes),$d1896-
245 10$aGrowing your trees /$cby Wilbur H. Youngman and Charles E. Randall.
250   $a6th printing.
260 0 $aWashington, D.C. :$bAmerican Forestry Association,$c1972.
300   $a88 p. :$bill., maps, tables ;$c28 cm.
650  0$aTrees.
700 1 $aRandall, Charles Edgar,$d1897-
710 2 $aAmerican Forestry Association.
700 1 $aRandall, Charles E.$q(Charles Edgar),$d1897-1986,$eauthor.
988   $a20020608
906   $0MH

