LEADER 00588nam a22001817u 4500
001 000000979-2
005 20100929154026.0
008 830324|1936    |||||||  |||| |0||||eng|d
035 0 $aocm12159654
100 1 $aBarr, Charles V.
245 10$aOrnamental trees /$cby Charles V. Barr.
260 0 $a[Michigan :$bMichigan State College of Agriculture and Applied Science, Extension Division,$c1936]
300   $a64 p. :$bill. ;$c23 cm.
490 0 $aExtension bulletin ;$vno.160
650  0$aOrnamental trees.
710 2 $aMichigan State College.$bExtension Division.
988   $a20020608
906   $0MH

