LEADER 01018nam a2200229Ia 4500
001 000000980-6
005 20020606090541.3
008 910311s1926    ctua          000 0 eng d
035 0 $aocm23229488
040   $aBBL$cBBL$dFLL
100 1 $aMattoon, Wilbur R.$q(Wilbur Reed),$d1875-1941.
245 10$aForest trees of Connecticut.$bA pocket manual /$cby Wilbur R. Mattoon, Extension Forester, Forest service, United States Department of Agriculture and Austin F. Hawes, State Forester, Hartord.
260   $a[Hartford] :$bConnecticut State Park and Forest Commission,$c1926.
300   $a52 p. :$bb&w ill.$c23 x 13 cm.
500   $a"Presented to the Schools of Connecticut by Charles Lathrop Pack, President of the American Tree Association, Washington, D.C,"
650  0$aTrees$zConnecticut.
650  0$aBotany$zConnecticut.
651  0$aConnecticut$xTrees.
710 1 $aConnecticut.$bState Park and Forest Commission.
700 1 $aHawes, Austin F.$q(Austin Foster),$d1879-1962.
988   $a20020608
906   $0OCLC

