LEADER 00606nam a22001697u 4500
001 000000981-4
005 20020606090541.3
008 830324|1926    |||||||  |||| |0||||eng|d
035 0 $aocm71070297
100 1 $aWhipple, Gurth Adelbert,$d1876-1952.
245 10$aFreak trees of the state of New York /$c[by Gurth Whipple]
260 0 $a[Syracuse, N.Y. :$bExtension Dept., New York State College of Forestry],$c1926.
300   $a16 p. :$bill. ;$c23 cm.
650  0$aTrees$zNew York (State)
710 2 $aNew York State College of Forestry at Syracuse University.$bExtension Department.
988   $a20020608
906   $0MH

