LEADER 00536cam a2200181I  4500
001 000000982-2
005 20050214143856.0
008 850723s1944    wiua          000 0 eng d
035 0 $aocm12296239
040   $aGZD$cGZD$dm/c$dNRC$dFLL
110 2 $aAllis-Chalmers Manufacturing Company.
245 10$aNature's woodland wonders /$ccompiled and ed. by Glen P. Burns.
260   $aMilwaukee :$bAllis-Chalmers Mfg. Co.,$cc1944.
300   $a50 p. :$bill. ;$c23 cm.
650  0$aTrees.
700 1 $aBurns, Glen P.
988   $a20020608
906   $0OCLC

