LEADER 00488nam a22001577u 4500
001 000000983-0
005 20020606090541.3
008 830324|1950    |||||||  |||| |0||||eng|d
035 0 $aocn187942565
100 1 $aAppleton, Herbert,$d1907-
245 10$aWhat's that tree? :$ba key to 150 tree species /$cby Herbert Appleton.
260 0 $a[Washington, D.C.? :$bH. Appleton,$cc1950]
300   $a24 p. :$bill., chiefly tables ;$c22 cm.
650  0$aTrees$xIdentification.
988   $a20020608
906   $0MH

