LEADER 00637nam a22001697u 4500
001 000000984-9
005 20020606090541.3
008 830324|1916    |||||||  |||| |0||||eng|d
035 0 $aocm79833133
100 1 $aClarke, Daniel Allen.
245 14$aThe commercial forest trees of Massachusetts :$bhow you may know them; a pocket manual /$cby D.A. Clarke, under the direction of F.W. Rane.
260 0 $aBoston, [Mass. :$bMassachusetts State House],$c1916.
300   $a69 p. :$bill., tables ;$c23 cm.
650  0$aTrees$zMassachusetts$xHandbooks, manuals, etc.
700 1 $aRane, F. Wm.$q(Frank William),$d1868-1933.
988   $a20020608
906   $0MH

