LEADER 00631nam a22001697u 4500
001 000000985-7
005 20020606090541.3
008 830324|1935    |||||||  |||| |0||||eng|d
035 0 $aocn187942606
100 1 $aGunn, Ralph Ellis.
245 10$aNative and exotic trees in Key West, Florida :$blist of the trees labeled by the Beautification Section of the Key West Administration /$ccompiled by Ralph Ellis Gunn.
260 0 $a[Key West, Florida? :$bR.E. Gunn?],$c1935.
300   $a6 p. ;$c28 cm.
650  0$aTrees$zFlorida$zKey West.
710 1 $aKey West (Fla.).$bAdministration.$bBeautification Section.
988   $a20020608
906   $0MH

