LEADER 00592nam a2200193K  4500
001 000000986-5
005 20070329140734.0
008 930710s1933    xx            000 0 eng d
035 0 $aocn187942621
040   $aFLL$cFLL
100 1 $aKnowlton, Clarence Hinckley,$d1876-
245 10$aTrees of the Massachusetts South Shore (Quincy to Duxbury, and inland).
260   $aS.l. :$bSouth Shore Nature Club,$c1933.
300   $a13 p. ;$c25 cm.
650  0$aTrees$zMassachusetts.
690  9$aTrees, Native$zUnited States. Mass.$5des
710 2 $aSo. Shore Nature Club.
988   $a20020608
906   $0MH

