LEADER 00723nam a2200217K  4500
001 000000987-3
005 20050527112557.0
008 930723s1931    dcu           000 0 eng d
035 0 $aocm79229720
040   $aFLL$cFLL
100 1 $aMulford, Furman Lloyd,$d1869-
245 10$aSome trees and shrubs suitable for use in the Piedmont region (region 28).
260   $a[Washington],$bU.S. Dept. of Agriculture, Bureau of Plant Industry,$c[1931]
300   $a12 p.$bmap.$c30 cm.
500   $aMay 1931.
650  0$aTrees$zUnited States.
650  0$aShrubs$zUnited States.
690  9$aTrees, Native$zUnited States. SouthEast.$5des
690  9$aShrubs, Native$zUnited States. South East.$5des
988   $a20020608
906   $0MH

