LEADER 01052nam a2200265Ia 4500
001 000000988-1
005 20020606090541.3
008 921124s1938    cauao         000 0 eng d
035 0 $aocm27025556
040   $aJTV$cJTV$dFLL
043   $an-us-ca
050  4$aSB435.52.C2$b.S53 1938
090   $aPamphlet File
100 1 $aShepherd, H. W.$q(Harry Whitcomb),$d1890-
245 10$aWoody plants for landscape use in California /$cHarry W. Shepherd.
260   $aBerkeley, Calif. :$bCollege of Agriculture, University of California,$c1938.
300   $a48 p. :$bill. ;$c24 cm.
490 1 $aCalifornia Agricultural Extension Service circular ;$v109
500   $aCover title.
500   $a"August, 1938."
650  0$aLandscape gardening$zCalifornia.
776 08$iOnline version:$aShepherd, H.W.$tWoody plants for landscape use in California.$dBerkeley, Calif. : College of Agriculture, University of California, 1938$w(OCoLC)870261098
830  0$aCircular (California Agricultural Extension Service) ;$v109.
988   $a20020608
906   $0OCLC

