LEADER 00593nam a22001817u 4500
001 000000989-X
005 20020606090541.3
008 830324|1947    |||||||  |||| |0||||eng|d
035 0 $aocm83992585
100 1 $aBushey, Donald John,$d1896-
245 10$aShade trees for the home lawn /$cby Donald J. Bushey.
260 0 $a[Ithaca, N.Y. :$bNew York State College of Agriculture at Cornell University,$c1947]
300   $a12 p. :$bill. ;$c23 cm.
490 0 $aCornell Extension bulletin ;$v724
650  0$aShade trees.
710 2 $aNew York State College of Agriculture.
988   $a20020608
906   $0MH

