LEADER 00801nam a22002057u 4500
001 000000990-3
005 20020606090541.3
008 830324|1945    |||||||  |||| |0||||eng|d
035 0 $aocm84413081
100 1 $aChadwick, L. C.$q(Lewis Charles),$d1902-
245 10$aSelection and planting of shade trees /$cby L.C. Chadwick.
260 0 $aColumbus, Ohio :$bOhio State University, Agricultural Extension Service,$c1945.
300   $a8 p. :$bill. ;$c23 cm.
490 0 $aOhio State University Agricultural College Extension Service bulletin ;$v260
500   $aPublished in cooperation with the U.S. Dept. of Agriculture.
650  0$aShade trees.
710 1 $aUnited States.$bDepartment of Agriculture.
710 2 $aOhio State University.$bAgricultural Extension Service.
988   $a20020608
906   $0MH

