LEADER 00597nam a2200217K  4500
001 000000991-1
005 20080305102519.0
008 930417s1936    cau           100 0 eng d
035 0 $aocn232006402
035 0 $aocn232006403
040   $aFLL$cFLL
100 1 $aCornell, Ralph D.
245 10$aShade trees for the small garden.
260   $a[Santa Monica, Calif.?],$bWestern Shade Tree Conference.$c1936.
300   $a7 p.$bphotos.
490 0 $aBulletin,$vno. 1
650  0$aShade trees.
690  9$aTrees, Shade.$5des
711 2 $aWestern Shade Tree Conference.
988   $a20020608
906   $0MH

