LEADER 00698nam a22001937u 4500
001 000000992-X
005 20020606090541.3
008 830324|1939    |||||||  |||| |0||||eng|d
035 0 $aocm84253403
111 2 $aEastern Shade Tree Conference$d(1938 :$cNew York Botanical Garden)
245 10$aEastern shade tree conference :$bproceedings.
260 0 $aNew York, [N.Y.] :$bThe Conference,$c1939.
300   $a99 p., [7] leaves of plates :$bill., map ;$c23 cm.
500   $aConference held December 8 and 9, 1938.
611 20$aEastern Shade Tree Conference$d(1938 :$cNew York Botanical Garden)
650  0$aShade trees$xCongresses.
710 1 $aNew York Botanical Garden.
988   $a20020608
906   $0MH

