LEADER 00603nam a22001817u 4500
001 000000993-8
005 20020606090541.3
008 830324|1930    |||||||  |||| |0||||eng|d
035 0 $aocm82789508
100 1 $aJacobs, Homer L.
245 10$aFertilization of shade trees :$bpart 2; Chemical fertilizers for conifers? /$cby Homer L. Jacobs.
260 0 $a[Kent, Ohio :$bResearch Dept., Davey Tree Expert Co.,$c1930]
300   $a16 p. :$bill., tables ;$c23 cm.
490 0 $aCompany bulletin ;$v5
650  0$aShade trees.
710 2 $aDavey Tree Expert Co.$bResearch Department.
988   $a20020608
906   $0MH

