LEADER 00601nam a22001937u 4500
001 000000994-6
005 20020606090541.3
008 830324|1906    |||||||  |||| |0||||eng|d
035 0 $aocn187942659
100 1 $aKennedy, P. Beveridge.
245 10$aOrnamental and shade trees /$cby P. Beveridge Kennedy.
260 0 $aReno, Nev. :$bUniversity of Nevada, Agricultural Experiment Station,$c1906.
300   $a61 p. :$bill. ;$c24 cm.
490 0 $aExperiment Station bulletin ;$vno.61
650  0$aOrnamental trees.
650  0$aShade trees.
710 2 $aUniversity of Nevada.
988   $a20020608
906   $0MH

