LEADER 00700nam a22001937u 4500
001 000000995-4
005 20020606090541.3
008 830324|1937    |||||||  |||| |0||||eng|d
035 0 $aocm82439702
111 2 $aNational Shade Tree Conference$n(13th :$d1937 :$cBaltimore, Md.)
245 10$aThirteenth national shade tree conference :$b[program]
246 3 $a13th national shade tree conference.
260 0 $a[Baltimore, Md? :$bThe Conference,$c1937?]
300   $a12 p. ;$c21 cm.
500   $aConference held Sept. 1-3, 1937, at the Hotel Lord Baltimore.
611 20$aNational Shade Tree Conference$n(13th :$d1937 :$cBaltimore, Md.)
650  0$aShade trees$xCongresses.
988   $a20020608
906   $0MH

