LEADER 00792nam a2200229Ia 4500
001 000000996-2
005 20020606090541.3
008 811110s1936    sduabd        000 0 eng d
035 0 $aocm07919766
040   $aUSD$cUSD$dFLL
043   $an-us-sd
050  4$aQK484.S8$bW37
090   $aQK484.S8$bW37
100 1 $aWare, E. R.
245 10$aPlanting and care of trees in South Dakota.
260   $aBrookings :$bSouth Dakota State College of Agriculture and Mechanic Arts,$c1936.
300   $a56 p. :$bill., maps, charts ;$c23 cm.
490 1 $aExtension Service, Extension circular 356
650  0$aTrees$zSouth Dakota.
810 2 $aSouth Dakota State College of Agriculture and Mechanic Arts.$bAgricultural Extension Service.$tExtension circular ;$v356.
988   $a20020608
906   $0OCLC

