LEADER 00743nam a22001937u 4500
001 000000997-0
005 20020606090541.3
008 830324|1938    |||||||  |||| |0||||eng|d
035 0 $aocm81498717
111 2 $aNational Shade Tree Conference$n(14th :$d1938 :$cBaltimore, Md.)
245 10$aFourteenth national shade tree conference :$bprogram.
246 3 $a14th national shade tree conference.
260 0 $a[St. Louis, Mo? :$bThe Conference,$c1938?]
300   $a1 folded sheet (5 p.) ;$c23 cm.
500   $aConference held August 30, 31, September 1, 2, 1938 at the Coronado Hotel, St. Louis, Mo.
611 20$aNational Shade Tree Conference$n(14th :$d1938 :$cSt. Louis, Mo.)
650  0$aShade trees$xCongresses.
988   $a20020608
906   $0MH

