LEADER 00787nam a22001937u 4500
001 000000998-9
005 20020606090541.3
008 830324|1930    |||||||  |||| |0||||eng|d
035 0 $aocm82788363
245 00$aPlan to plant one hundred thousand shade trees :$ba shade tree planting revival to celebrate the tercentenary of the founding of the Massachusetts Bay Colony.
260  0$aBoston, [Mass.] :$bMass. Forestry Association, Shade Tree Survey,$c[1930]
300   $a7 p. :$bill. ;$c26 cm.
490 0 $aForestry Association bulletin ;$vno.146
650  0$aShade trees$zMassachusetts.
650  0$aTree planting$zMassachusetts.
651  0$aMassachusetts$xCentennial celebrations, etc.
710 2 $aMassachusetts Forestry Association.$bShade Tree Survey.
988   $a20020608
906   $0MH

