LEADER 00575nam a22001817u 4500
001 000000999-7
005 20020606090541.3
008 830324|1955    |||||||  |||| |0||||eng|d
035 0 $aocm46834803
100 1 $aScanlon, Edward H.,$d1903-1976.
245 10$aTrees you can live with /$c[Edward H. Scanlon]
260 0 $a[Cleveland, Ohio? :$bCleveland Electric Illuminating Company,$c1955?]
300   $a[14] p. :$bill. (some col.) ;$c28 cm.
650  0$aShade trees.
650  0$aOrnamental trees.
710 2 $aCleveland Electric Illuminating Company.
988   $a20020608
906   $0MH

