LEADER 00748nam a2200229Ia 4500
001 000001000-6
005 20020606090541.3
008 920206s1959    meuab    b   s000 0 eng d
035 0 $aocm25234456
040   $aMEU$cMEU$dFLL
110 1 $aMaine.$bBureau of Forestry.
245 14$aThe planting and care of shade trees /$cby Robley W. Nash, Douglas Stark, and John Chadwick.
260   $aAugusta, Me. :$bMaine Forest Service,$c1959.
300   $a49 p. :$bill. ;$c23 cm.
490 1 $aBulletin / Maine Forestry Dept. ;$v17
650  0$aShade trees.
700 1 $aNash, Robley W.
700 1 $aStark, Douglas,$ejt. au.
700 1 $aChadwick, John,$ejt. au.
830  0$aBulletin (Maine. Forestry Department) ;$v17.
988   $a20020608
906   $0OCLC

