LEADER 00558nam a22001697u 4500
001 000001001-4
005 20020606090541.3
008 830324|1915    |||||||  |||| |0||||eng|d
035 0 $aocm79072674
245 00$aShade tree laws of New Jersey.
260 0 $aUnion Hill, N.J. :$bNew Jersey Dept. of Conservation & Development,$c1915.
300   $a11 p. ;$c17 cm.
500   $aIncludes one page of amendments.
650  0$aShade trees$xLaw and legislation$zNew Jersey.
710 1 $aNew Jersey.$bDepartment of Conservation and Development.
988   $a20020608
906   $0MH

