LEADER 00620nam a22001577u 4500
001 000001002-2
005 20020606090541.3
008 830324|1959    |||||||  |||| |0||||eng|d
035 0 $aocm78899062
245 00$aShade tree survey :$bparks, public streets, parkways /$ccity of University City, Missouri.
260 0 $a[University City?, Mo.] :$bUniversity City, Dept. of Parks, Recreation and Forestry,$c1959.
300   $avi, 25 p. :$bcharts, map, tables ;$c29 cm.
650  0$aShade trees$zMissouri$zUniversity City.
710 1 $aUniversity City (Mo.).$bDepartment of Parks, Recreation and Forestry.
988   $a20020608
906   $0MH

