LEADER 00617nam a22001697u 4500
001 000001003-0
005 20020606090541.3
008 830324|1933    |||||||  |||| |0||||eng|d
035 0 $aocn187942680
110 2 $aAmerican Association for the Planting and Preservation of City Trees.
245 10$aConstitution and by-laws /$cAmerican Association for the Planting and Preservation of City Trees.
260 0 $aBrooklyn, N.Y. :$bThe Association,$c[1933?]
300   $a[8] p. ;$c16 cm.
610 20$aAmerican Association for the Planting and Preservation of City Trees.
650  0$aTrees in cities.
988   $a20020608
906   $0MH
